2692 4666
178 348 240 413 134
623 339 648 392 S.
667 337 822 392 Altbltosll

174 507 250 571 nitas
280 505 426 586 nihilque,
460 501 540 584 quod
572 509 629 565 tam
658 499 744 564 facile
776 499 922 562 inlabatur
953 499 1088 571 humanis
1120 496 1268 562 sensibus.

174 620 217 683 Ea
250 621 275 683 si
309 617 535 682 mansuetudine
568 633 683 678 morum
718 633 753 677 ao
786 612 941 694 facilitate,
974 620 1034 677 tum
1064 613 1269 678 moderatione

174 733 325 815 praecepti
349 739 379 792 et
402 729 568 792 affabilitate
591 727 756 804 sermoniS,
789 725 950 789 verborum
980 727 1114 806 bonore,
1147 725 1270 809 patienti

176 864 297 928 quoque
319 862 489 908 sermonum
512 843 578 905 vice
602 841 825 922 modestiaeque
848 839 1003 903 adiuvetur
1025 841 1137 924 gratia,
1166 840 1268 902 incre-

177 961 274 1039 dibile,
298 966 438 1040 quantum
461 956 595 1038 procedit
618 955 655 1018 ad
679 955 825 1018 cumulum
850 954 1023 1018 dilectionis.

263 1071 314 1137 30.
358 1072 498 1155 Legimus
522 1073 599 1134 enim
622 1088 682 1133 non
706 1071 802 1132 solum
824 1071 854 1132 in
876 1071 1016 1152 privatis,
1050 1068 1105 1133 sed
1129 1071 1217 1133 etiam
1239 1071 1268 1132 in

175 1188 247 1271 ipsis
270 1187 410 1270 regibus,
438 1190 576 1267 quantum
600 1183 724 1247 facilitas
747 1183 874 1247 blandae
897 1184 1074 1248 allabilitatis
1097 1184 1268 1266 profecerit,

177 1309 227 1365 aut
249 1302 387 1382 superbia
411 1300 629 1380 verborumque
653 1299 782 1363 obfuerit
804 1307 910 1380 tumor,
932 1308 965 1364 ut
986 1320 1081 1385 regna
1103 1302 1168 1382 ipsa
1183 1300 1269 1364 labe-

177 1414 300 1478 factaret
331 1421 360 1477 et
390 1420 565 1495 potestatem
596 1415 737 1478 solveret.
783 1415 840 1477 lam
873 1417 898 1478 si
930 1417 995 1498 quis
1026 1415 1168 1494 consilio,
1202 1427 1269 1494 usu,

177 1529 350 1607 ministerio,
374 1527 480 1590 ollieiis
503 1527 674 1607 popularem
698 1527 921 1609 conprehendat
940 1528 1072 1610 gratiam,
1096 1533 1145 1589 aut
1161 1527 1187 1589 si
1203 1527 1269 1608 quis

177 1642 339 1724 periculum
362 1660 446 1704 suum
468 1660 523 1722 pro
547 1642 687 1703 universa
710 1642 798 1722 plebe
823 1641 943 1720 offerat,
975 1661 1034 1705 non
1067 1648 1113 1703 est
1139 1639 1269 1720 dubium,

179 1755 260 1836 quod
282 1761 391 1816 tantum
416 1755 542 1818 caritatis
566 1774 582 1817 a
604 1754 692 1835 plebe
716 1757 745 1816 in
771 1773 837 1816 eum
859 1753 1050 1832 refundatur,
1082 1759 1114 1815 ut
1141 1753 1270 1834 populus

179 1870 303 1932 salutem
327 1871 390 1931 eius
413 1875 443 1929 et
464 1869 587 1952 gratiam
611 1869 666 1930 sibi
690 1867 847 1949 praeferat.

267 1981 317 2046 31.
349 1983 492 2056 ‘Quantas
515 1980 638 2062 Moyses
666 1999 682 2041 a
712 1980 823 2061 populo
852 1979 955 2042 inlatas
984 1979 1162 2042 absorbebat
1191 1996 1269 2043 con-

179 2097 329 2172 tumelias;
361 2101 390 2157 et
419 2113 484 2157 cum
516 2094 650 2156 dominus
684 2096 712 2154 in
736 2092 905 2156 insolentes
923 2093 1073 2155 vindicare
1097 2093 1204 2173 vellet,
1236 2110 1270 2156 se

179 2216 276 2272 tamen
298 2228 353 2291 pro
378 2209 488 2290 populo
512 2208 658 2271 ollerebat
680 2208 863 2289 frequenter,
887 2214 919 2269 ut
940 2207 1135 2289 indignationi
1152 2206 1270 2271 divinae

180 2322 297 2403 plebem
318 2320 524 2384 subduceret?
543 2317 572 2404 Ι)
619 2321 711 2394 Quam
734 2320 794 2382 miti
817 2338 956 2383 sermone
979 2327 1047 2402 post
1069 2322 1190 2384 iniurias
1214 2342 1270 2404 ap-

180 2436 306 2517 pellabat
328 2435 478 2517 populum,
502 2434 712 2498 consolabatur
727 2435 756 2496 in
772 2435 933 2514 laboribus,
958 2434 1115 2498 deliniebat
1132 2436 1270 2516 oraculis,

180 2547 301 2611 fovebat
324 2549 480 2628 operibus;
505 2554 622 2610 etcum
646 2546 703 2610 deo
728 2553 898 2611 constanter
919 2532 1114 2630 loqueretur,
1136 2549 1271 2612 homines

181 2668 278 2724 tamen
305 2662 405 2724 humili
434 2667 463 2722 et
492 2667 575 2743 grata
605 2661 802 2742 appellatione
825 2661 907 2725 affari
929 2663 1070 2726 solebat?
1086 2660 1119 2746 ²)
1164 2665 1271 2729 Merito

182 2775 349 2837 aestimatus
373 2780 419 2837 est
440 2772 530 2855 supra
552 2773 706 2853 homines,
739 2780 770 2836 ut
793 2781 822 2837 et
845 2775 956 2837 vultum
979 2776 1043 2839 eius
1066 2796 1125 2840 non
1150 2787 1274 2860 possent

182 2888 337 2951 intendere
355 2885 386 2971 ³)
419 2894 448 2950 et
477 2887 658 2969 sepulturam
692 2889 755 2950 eius
786 2908 847 2952 non
875 2864 1024 2970 repertam
1047 2891 1224 2974 crederent,
1240 2891 1272 2978 ⁴]

184 3003 251 3084 quia
275 3003 318 3064 sic
341 3002 397 3063 sibi
420 3002 508 3065 totius
530 3002 626 3084 plebis
649 3009 763 3066 mentes
787 3003 971 3084 devinxerat,
994 3012 1026 3067 ut
1047 3005 1113 3087 plus
1135 3026 1273 3089 cumpro

182 3116 405 3179 mansuetudine
429 3115 596 3200 diligerent,
624 3137 710 3198 quam
733 3136 788 3200 pro
812 3118 895 3182 iactis
918 3119 1142 3184 admirarentur.

270 3227 320 3293 32.
358 3230 433 3303 Quid
458 3232 521 3293 eius
544 3233 670 3296 imitator
693 3241 812 3296 sanctus
828 3235 931 3314 David,
955 3236 1065 3298 electus
1082 3255 1123 3298 ex
1139 3239 1274 3301 omnibus

184 3344 220 3406 ad
244 3345 358 3427 plebem
381 3346 560 3426 regendam,
592 3367 679 3428 quam
702 3351 777 3412 mitis
801 3357 831 3412 et
853 3350 994 3429 blandus,
1021 3352 1138 3415 humilis
1160 3355 1274 3435 spiritu,

184 3459 305 3523 sedulus
329 3441 563 3540 cordesfaeilis
586 3464 709 3527 allectut
754 3465 832 3529 Ante
855 3486 980 3549 regnum
1004 3486 1038 3531 se
1059 3486 1114 3550 pro
1139 3469 1274 3532 omnibus

186 3574 329 3639 offerebat
336 3597 345 3652 ;
367 3595 422 3639 rex
445 3594 511 3639 cum
534 3556 668 3642 omnibus
692 3581 837 3660 aequabat
860 3599 943 3644 suam
964 3582 1093 3644 militiam
1115 3588 1145 3645 et
1159 3585 1274 3665 partie-

185 3690 270 3752 batur
290 3690 430 3770 laborem,
455 3692 540 3758 fortis
563 3696 593 3756 in
615 3698 741 3778 proelio,
763 3705 933 3761 mansuetus
957 3700 986 3761 in
1003 3697 1136 3779 immrio,
1159 3697 1274 3778 patiens

186 3803 215 3864 in
239 3806 377 3884 convitio,
401 3805 480 3869 ferre
503 3809 596 3892 magis
612 3819 776 3893 promptus,
801 3831 887 3893 quam
902 3810 1019 3874 referre
1035 3811 1165 3874 iniurias.
1203 3811 1275 3875 Ideo

187 3975 332 3984 u··--—..
335 3977 392 3985 -η

188 4161 216 4227 4)
236 4072 286 4209 Di)
305 4072 447 4213 Erqqd.632,
468 4077 497 4130 ll
519 4095 572 4147 seq.
620 4081 649 4150 2)
667 4079 727 4134 Ibid.
747 4082 790 4148 33,
809 4081 826 4133 8
844 4098 915 4153 seqq.
964 4082 993 4153 3)
1010 4082 1074 4135 Ibid.
1092 4081 1136 4150 34,
1155 4079 1190 4134 29
1203 4097 1274 4152 seqq.

260 4167 310 4214 eut.
366 4200 374 4230 ,
412 4203 417 4216 .
