<?xml version="1.0" encoding="UTF-8"?>
<!DOCTYPE html PUBLIC "-//W3C//DTD XHTML 1.0 Transitional//EN"
    "http://www.w3.org/TR/xhtml1/DTD/xhtml1-transitional.dtd">
<html xmlns="http://www.w3.org/1999/xhtml" xml:lang="en" lang="en">
 <head>
  <title>
</title>
<meta http-equiv="Content-Type" content="text/html;charset=utf-8" />
  <meta name='ocr-system' content='tesseract 3.04.00' />
  <meta name='ocr-capabilities' content='ocr_page ocr_carea ocr_par ocr_line ocrx_word'/>
</head>
<body>
  <div class='ocr_page' id='page_1' title='image "./deofficiisminis00krabgoog_0394.png"; bbox 0 0 2692 4666; ppageno 0'>
   <div class='ocr_carea' id='block_1_1' title="bbox 351 278 1221 409">
    <p class='ocr_par' dir='ltr' id='par_1_1' title="bbox 351 278 1221 409">
     <span class='ocr_line' id='line_1_1' title="bbox 351 278 1221 409; baseline -0.001 -26"><span class='ocrx_word' id='word_1_1' title='bbox 351 310 355 321; x_wconf 82' lang='lat'><strong>‘</strong></span> <span class='ocrx_word' id='word_1_2' title='bbox 435 349 437 353; x_wconf 93' lang='lat'><em>-</em></span> <span class='ocrx_word' id='word_1_3' title='bbox 516 278 607 383; x_wconf 79' lang='lat' dir='ltr'>aas.</span> <span class='ocrx_word' id='word_1_4' title='bbox 626 326 825 409; x_wconf 82' lang='lat' dir='ltr'>aunnpstuu.</span> <span class='ocrx_word' id='word_1_5' title='bbox 948 333 950 337; x_wconf 93' lang='lat'>·</span> <span class='ocrx_word' id='word_1_6' title='bbox 1154 329 1221 401; x_wconf 71' lang='lat'><strong>377·</strong></span> 
     </span>
    </p>
   </div>
   <div class='ocr_carea' id='block_1_2' title="bbox 506 494 819 611">
    <p class='ocr_par' dir='ltr' id='par_1_2' title="bbox 506 494 819 611">
     <span class='ocr_line' id='line_1_2' title="bbox 506 494 819 611; baseline 0.006 -17"><span class='ocrx_word' id='word_1_7' title='bbox 506 525 507 528; x_wconf 9' lang='grc' dir='ltr'><strong>Ἴ</strong></span> <span class='ocrx_word' id='word_1_8' title='bbox 607 541 668 611; x_wconf 84' lang='lat' dir='ltr'>Gap.</span> <span class='ocrx_word' id='word_1_9' title='bbox 689 542 730 596; x_wconf 88' lang='lat' dir='ltr'>ttt.</span> <span class='ocrx_word' id='word_1_10' title='bbox 814 494 819 511; x_wconf 37' lang='grc'><strong>1</strong></span> 
     </span>
    </p>
   </div>
   <div class='ocr_carea' id='block_1_3' title="bbox 192 647 1252 736">
    <p class='ocr_par' dir='ltr' id='par_1_3' title="bbox 192 647 1252 736">
     <span class='ocr_line' id='line_1_3' title="bbox 192 647 1252 736; baseline 0.005 -36"><span class='ocrx_word' id='word_1_11' title='bbox 192 651 217 714; x_wconf 86' lang='lat'>§.</span> <span class='ocrx_word' id='word_1_12' title='bbox 239 649 281 715; x_wconf 88' lang='lat'>15,</span> <span class='ocrx_word' id='word_1_13' title='bbox 299 648 325 700; x_wconf 86' lang='lat'>2.</span> <span class='ocrx_word' id='word_1_14' title='bbox 350 647 410 701; x_wconf 87' lang='lat' dir='ltr'>Post</span> <span class='ocrx_word' id='word_1_15' title='bbox 427 649 492 702; x_wconf 82' lang='lat' dir='ltr'>atila</span> <span class='ocrx_word' id='word_1_16' title='bbox 511 648 619 736; x_wconf 69' lang='lat' dir='ltr'>erpunxi</span> <span class='ocrx_word' id='word_1_17' title='bbox 636 657 677 702; x_wconf 79' lang='lat' dir='ltr'>eat</span> <span class='ocrx_word' id='word_1_18' title='bbox 701 647 846 702; x_wconf 76' lang='lat' dir='ltr'>suasoribus</span> <span class='ocrx_word' id='word_1_19' title='bbox 869 648 940 702; x_wconf 83' lang='lat' dir='ltr'>iibrir</span> <span class='ocrx_word' id='word_1_20' title='bbox 964 665 1022 702; x_wconf 87' lang='lat' dir='ltr'>mss.</span> <span class='ocrx_word' id='word_1_21' title='bbox 1042 649 1083 702; x_wconf 93' lang='lat' dir='ltr'>W.</span> <span class='ocrx_word' id='word_1_22' title='bbox 1102 650 1221 704; x_wconf 83' lang='lat' dir='ltr'>biabcdei</span> <span class='ocrx_word' id='word_1_23' title='bbox 1249 653 1252 662; x_wconf 84' lang='grc'>’</span> 
     </span>
    </p>
   </div>
   <div class='ocr_carea' id='block_1_4' title="bbox 123 726 1218 826">
    <p class='ocr_par' dir='ltr' id='par_1_4' title="bbox 123 726 1218 826">
     <span class='ocr_line' id='line_1_4' title="bbox 123 726 1218 826; baseline 0.002 -22"><span class='ocrx_word' id='word_1_24' title='bbox 123 751 237 822; x_wconf 16' lang='lat' dir='ltr'>st&#39;Babc</span> <span class='ocrx_word' id='word_1_25' title='bbox 263 752 387 822; x_wconf 77' lang='lat' dir='ltr'>editisque</span> <span class='ocrx_word' id='word_1_26' title='bbox 407 751 461 804; x_wconf 77' lang='lat' dir='ltr'>Cot.</span> <span class='ocrx_word' id='word_1_27' title='bbox 489 760 517 803; x_wconf 88' lang='lat' dir='ltr'>et</span> <span class='ocrx_word' id='word_1_28' title='bbox 532 751 599 804; x_wconf 85' lang='lat' dir='ltr'>ttau.</span> <span class='ocrx_word' id='word_1_29' title='bbox 635 752 660 803; x_wconf 89' lang='grc'>3.</span> <span class='ocrx_word' id='word_1_30' title='bbox 686 757 742 808; x_wconf 81' lang='lat' dir='ltr'>Hoc</span> <span class='ocrx_word' id='word_1_31' title='bbox 760 726 882 808; x_wconf 50' lang='lat' dir='ltr'>mim.‘&#39;‘</span> <span class='ocrx_word' id='word_1_32' title='bbox 900 759 1064 826; x_wconf 70' lang='lat' dir='ltr'>conformari</span> <span class='ocrx_word' id='word_1_33' title='bbox 1079 755 1218 808; x_wconf 86' lang='lat' dir='ltr'>babatbid.</span> 
     </span>
    </p>
   </div>
   <div class='ocr_carea' id='block_1_5' title="bbox 121 825 1221 1001">
    <p class='ocr_par' dir='ltr' id='par_1_5' title="bbox 121 825 1221 1001">
     <span class='ocr_line' id='line_1_5' title="bbox 121 825 1221 916; baseline 0.004 -24"><span class='ocrx_word' id='word_1_34' title='bbox 121 843 147 893; x_wconf 82' lang='lat'>4.</span> <span class='ocrx_word' id='word_1_35' title='bbox 166 845 302 896; x_wconf 73' lang='lat' dir='ltr'>detrudere</span> <span class='ocrx_word' id='word_1_36' title='bbox 318 836 396 898; x_wconf 83' lang='lat' dir='ltr'>atteri</span> <span class='ocrx_word' id='word_1_37' title='bbox 413 839 459 892; x_wconf 88' lang='lat' dir='ltr'>Bb.</span> <span class='ocrx_word' id='word_1_38' title='bbox 496 839 520 891; x_wconf 88' lang='lat'>6.</span> <span class='ocrx_word' id='word_1_39' title='bbox 540 843 672 909; x_wconf 78' lang='lat' dir='ltr'>acciperet</span> <span class='ocrx_word' id='word_1_40' title='bbox 687 825 729 892; x_wconf 65' lang='lat' dir='ltr'>W.</span> <span class='ocrx_word' id='word_1_41' title='bbox 764 840 789 891; x_wconf 83' lang='grc'><strong>7.</strong></span> <span class='ocrx_word' id='word_1_42' title='bbox 809 840 858 893; x_wconf 86' lang='lat' dir='ltr'>Pro</span> <span class='ocrx_word' id='word_1_43' title='bbox 877 847 980 916; x_wconf 76' lang='lat' dir='ltr'>apoliaa</span> <span class='ocrx_word' id='word_1_44' title='bbox 998 843 1031 893; x_wconf 97' lang='lat' dir='ltr'>W</span> <span class='ocrx_word' id='word_1_45' title='bbox 1050 844 1139 910; x_wconf 83' lang='lat' dir='ltr'>etbib,</span> <span class='ocrx_word' id='word_1_46' title='bbox 1158 848 1221 896; x_wconf 86' lang='lat' dir='ltr'>itero</span> 
     </span>
     <span class='ocr_line' id='line_1_6' title="bbox 123 927 1219 1001; baseline 0.005 -20"><span class='ocrx_word' id='word_1_47' title='bbox 123 930 182 982; x_wconf 88' lang='lat' dir='ltr'>edd.</span> <span class='ocrx_word' id='word_1_48' title='bbox 214 929 318 982; x_wconf 78' lang='lat' dir='ltr'>Amerb.</span> <span class='ocrx_word' id='word_1_49' title='bbox 350 937 505 996; x_wconf 87' lang='lat' dir='ltr'>ceteraeque</span> <span class='ocrx_word' id='word_1_50' title='bbox 535 927 672 979; x_wconf 86' lang='lat' dir='ltr'>Mauriuam</span> <span class='ocrx_word' id='word_1_51' title='bbox 709 929 890 982; x_wconf 75' lang='lat' dir='ltr'>antecedentes</span> <span class='ocrx_word' id='word_1_52' title='bbox 925 935 1065 1001; x_wconf 74' lang='lat' dir='ltr'>expoliat,</span> <span class='ocrx_word' id='word_1_53' title='bbox 1096 932 1135 982; x_wconf 84' lang='lat' dir='ltr'>bia</span> <span class='ocrx_word' id='word_1_54' title='bbox 1164 950 1219 986; x_wconf 76' lang='lat' dir='ltr'>ex-</span> 
     </span>
    </p>
   </div>
   <div class='ocr_carea' id='block_1_6' title="bbox 121 1012 1222 1544">
    <p class='ocr_par' dir='ltr' id='par_1_6' title="bbox 121 1012 1222 1544">
     <span class='ocr_line' id='line_1_7' title="bbox 123 1012 1222 1107; baseline 0.002 -18"><span class='ocrx_word' id='word_1_55' title='bbox 123 1012 222 1107; x_wconf 67' lang='lat' dir='ltr'>⁸poliaa</span> <span class='ocrx_word' id='word_1_56' title='bbox 247 1037 274 1096; x_wconf 83' lang='lat' dir='ltr'>(a</span> <span class='ocrx_word' id='word_1_57' title='bbox 295 1051 309 1085; x_wconf 88' lang='lat' dir='ltr'>a</span> <span class='ocrx_word' id='word_1_58' title='bbox 329 1051 349 1088; x_wconf 90' lang='lat' dir='ltr'>r.</span> <span class='ocrx_word' id='word_1_59' title='bbox 369 1051 402 1085; x_wconf 90' lang='lat' dir='ltr'>m.</span> <span class='ocrx_word' id='word_1_60' title='bbox 422 1036 579 1100; x_wconf 70' lang='lat' dir='ltr'>superne),</span> <span class='ocrx_word' id='word_1_61' title='bbox 609 1035 687 1084; x_wconf 89' lang='lat' dir='ltr'>ceteri</span> <span class='ocrx_word' id='word_1_62' title='bbox 705 1033 820 1088; x_wconf 87' lang='lat' dir='ltr'>bionacc.</span> <span class='ocrx_word' id='word_1_63' title='bbox 848 1040 994 1106; x_wconf 72' lang='lat' dir='ltr'>enepotiaa.</span> <span class='ocrx_word' id='word_1_64' title='bbox 1040 1038 1065 1088; x_wconf 86' lang='grc'><strong>8.</strong></span> <span class='ocrx_word' id='word_1_65' title='bbox 1085 1041 1222 1092; x_wconf 72' lang='lat' dir='ltr'>investivit</span> 
     </span>
     <span class='ocr_line' id='line_1_8' title="bbox 122 1119 1221 1192; baseline 0.002 -17"><span class='ocrx_word' id='word_1_66' title='bbox 122 1125 164 1175; x_wconf 87' lang='lat' dir='ltr'>ed.</span> <span class='ocrx_word' id='word_1_67' title='bbox 184 1124 262 1187; x_wconf 81' lang='lat' dir='ltr'>Med,</span> <span class='ocrx_word' id='word_1_68' title='bbox 280 1127 356 1177; x_wconf 82' lang='lat' dir='ltr'>ierne</span> <span class='ocrx_word' id='word_1_69' title='bbox 375 1138 421 1190; x_wconf 93' lang='lat' dir='ltr'>pro</span> <span class='ocrx_word' id='word_1_70' title='bbox 439 1125 566 1176; x_wconf 65' lang='lat' dir='ltr'>ebrietate</span> <span class='ocrx_word' id='word_1_71' title='bbox 585 1119 630 1186; x_wconf 85' lang='lat' dir='ltr'>Ba,</span> <span class='ocrx_word' id='word_1_72' title='bbox 649 1124 771 1177; x_wconf 77' lang='lat' dir='ltr'>ebrietur</span> <span class='ocrx_word' id='word_1_73' title='bbox 789 1122 951 1178; x_wconf 72' lang='lat' dir='ltr'>caenanti</span> <span class='ocrx_word' id='word_1_74' title='bbox 970 1133 995 1176; x_wconf 90' lang='lat' dir='ltr'>et</span> <span class='ocrx_word' id='word_1_75' title='bbox 1008 1124 1117 1192; x_wconf 78' lang='lat' dir='ltr'>Mbcdfg·</span> <span class='ocrx_word' id='word_1_76' title='bbox 1154 1123 1221 1177; x_wconf 87' lang='lat' dir='ltr'>Dein</span> 
     </span>
     <span class='ocr_line' id='line_1_9' title="bbox 121 1209 1222 1282; baseline -0.001 -16"><span class='ocrx_word' id='word_1_77' title='bbox 121 1217 172 1266; x_wconf 84' lang='lat' dir='ltr'>bac</span> <span class='ocrx_word' id='word_1_78' title='bbox 190 1221 230 1266; x_wconf 84' lang='lat' dir='ltr'>eat</span> <span class='ocrx_word' id='word_1_79' title='bbox 249 1215 426 1265; x_wconf 82' lang='lat' dir='ltr'>enim-maine</span> <span class='ocrx_word' id='word_1_80' title='bbox 444 1209 485 1274; x_wconf 86' lang='lat' dir='ltr'>W,</span> <span class='ocrx_word' id='word_1_81' title='bbox 505 1213 564 1281; x_wconf 81' lang='lat' dir='ltr'>apia</span> <span class='ocrx_word' id='word_1_82' title='bbox 584 1217 728 1282; x_wconf 86' lang='lat' dir='ltr'>correctum</span> <span class='ocrx_word' id='word_1_83' title='bbox 747 1227 762 1263; x_wconf 89' lang='lat' dir='ltr'>a</span> <span class='ocrx_word' id='word_1_84' title='bbox 779 1216 866 1282; x_wconf 78' lang='lat' dir='ltr'>strapis</span> <span class='ocrx_word' id='word_1_85' title='bbox 885 1213 910 1263; x_wconf 92' lang='lat' dir='ltr'>iu</span> <span class='ocrx_word' id='word_1_86' title='bbox 923 1212 972 1266; x_wconf 85' lang='lat' dir='ltr'>bia.</span> <span class='ocrx_word' id='word_1_87' title='bbox 1002 1211 1030 1264; x_wconf 87' lang='lat' dir='ltr'>ln</span> <span class='ocrx_word' id='word_1_88' title='bbox 1043 1229 1114 1281; x_wconf 85' lang='lat' dir='ltr'>seqq.</span> <span class='ocrx_word' id='word_1_89' title='bbox 1128 1215 1222 1282; x_wconf 83' lang='lat' dir='ltr'>anperi</span> 
     </span>
     <span class='ocr_line' id='line_1_10' title="bbox 123 1296 1220 1370; baseline -0.002 -18"><span class='ocrx_word' id='word_1_90' title='bbox 123 1299 243 1352; x_wconf 85' lang='lat' dir='ltr'>exhibent</span> <span class='ocrx_word' id='word_1_91' title='bbox 261 1298 334 1351; x_wconf 92' lang='lat' dir='ltr'>codd.</span> <span class='ocrx_word' id='word_1_92' title='bbox 353 1299 393 1355; x_wconf 88' lang='lat' dir='ltr'>W.</span> <span class='ocrx_word' id='word_1_93' title='bbox 412 1298 527 1350; x_wconf 84' lang='lat' dir='ltr'>Monacc.</span> <span class='ocrx_word' id='word_1_94' title='bbox 546 1305 572 1350; x_wconf 91' lang='lat' dir='ltr'>et</span> <span class='ocrx_word' id='word_1_95' title='bbox 590 1296 626 1349; x_wconf 93' lang='lat' dir='ltr'>Ba</span> <span class='ocrx_word' id='word_1_96' title='bbox 647 1313 697 1350; x_wconf 90' lang='lat' dir='ltr'>una</span> <span class='ocrx_word' id='word_1_97' title='bbox 716 1315 772 1351; x_wconf 86' lang='lat' dir='ltr'>oum</span> <span class='ocrx_word' id='word_1_98' title='bbox 792 1301 850 1353; x_wconf 89' lang='lat' dir='ltr'>edd.</span> <span class='ocrx_word' id='word_1_99' title='bbox 864 1300 968 1352; x_wconf 78' lang='lat' dir='ltr'>Amerb.</span> <span class='ocrx_word' id='word_1_100' title='bbox 989 1303 1132 1370; x_wconf 83' lang='lat' dir='ltr'>ceterisque</span> <span class='ocrx_word' id='word_1_101' title='bbox 1147 1299 1220 1351; x_wconf 85' lang='lat' dir='ltr'>binu-</span> 
     </span>
     <span class='ocr_line' id='line_1_11' title="bbox 123 1372 1222 1456; baseline 0.001 -19"><span class='ocrx_word' id='word_1_102' title='bbox 123 1388 179 1437; x_wconf 89' lang='lat' dir='ltr'>rina</span> <span class='ocrx_word' id='word_1_103' title='bbox 203 1385 398 1455; x_wconf 81' lang='lat' dir='ltr'>antiquioribus3</span> <span class='ocrx_word' id='word_1_104' title='bbox 425 1404 536 1456; x_wconf 82' lang='lat' dir='ltr'>cupere,</span> <span class='ocrx_word' id='word_1_105' title='bbox 563 1385 631 1455; x_wconf 92' lang='lat' dir='ltr'>quod</span> <span class='ocrx_word' id='word_1_106' title='bbox 659 1372 811 1456; x_wconf 88' lang='lat' dir='ltr'>receperunt</span> <span class='ocrx_word' id='word_1_107' title='bbox 838 1380 1014 1454; x_wconf 75' lang='lat' dir='ltr'>benedictini,</span> <span class='ocrx_word' id='word_1_108' title='bbox 1043 1396 1144 1440; x_wconf 87' lang='lat' dir='ltr'>tucatur</span> <span class='ocrx_word' id='word_1_109' title='bbox 1169 1386 1222 1439; x_wconf 82' lang='lat' dir='ltr'>Rbc</span> 
     </span>
     <span class='ocr_line' id='line_1_12' title="bbox 124 1472 571 1544; baseline -0.002 -19"><span class='ocrx_word' id='word_1_110' title='bbox 124 1473 301 1544; x_wconf 87' lang='lat' dir='ltr'>editioncsque</span> <span class='ocrx_word' id='word_1_111' title='bbox 320 1472 376 1526; x_wconf 84' lang='lat' dir='ltr'>Coi.</span> <span class='ocrx_word' id='word_1_112' title='bbox 396 1482 421 1526; x_wconf 90' lang='lat' dir='ltr'>et</span> <span class='ocrx_word' id='word_1_113' title='bbox 440 1473 506 1526; x_wconf 88' lang='lat' dir='ltr'>bied.</span> <span class='ocrx_word' id='word_1_114' title='bbox 570 1510 571 1513; x_wconf 66' lang='lat'>,</span> 
     </span>
    </p>
   </div>
   <div class='ocr_carea' id='block_1_7' title="bbox 124 1579 1223 1913">
    <p class='ocr_par' dir='ltr' id='par_1_7' title="bbox 124 1579 1223 1913">
     <span class='ocr_line' id='line_1_13' title="bbox 195 1579 1223 1650; baseline 0.002 -20"><span class='ocrx_word' id='word_1_115' title='bbox 195 1583 220 1646; x_wconf 68' lang='grc' dir='ltr'><strong>ς.</strong></span> <span class='ocrx_word' id='word_1_116' title='bbox 242 1579 320 1644; x_wconf 87' lang='grc'><strong>16,1.</strong></span> <span class='ocrx_word' id='word_1_117' title='bbox 340 1579 525 1633; x_wconf 87' lang='lat' dir='ltr'>interiectionis</span> <span class='ocrx_word' id='word_1_118' title='bbox 543 1580 691 1648; x_wconf 86' lang='lat' dir='ltr'>particulam</span> <span class='ocrx_word' id='word_1_119' title='bbox 708 1588 795 1635; x_wconf 84' lang='lat' dir='ltr'>cante</span> <span class='ocrx_word' id='word_1_120' title='bbox 807 1585 883 1636; x_wconf 82' lang='lat' dir='ltr'>bomo</span> <span class='ocrx_word' id='word_1_121' title='bbox 901 1596 951 1634; x_wconf 86' lang='lat' dir='ltr'>om.</span> <span class='ocrx_word' id='word_1_122' title='bbox 966 1580 1011 1633; x_wconf 87' lang='lat' dir='ltr'>Bo.</span> <span class='ocrx_word' id='word_1_123' title='bbox 1047 1580 1071 1632; x_wconf 95' lang='grc'><strong>2.</strong></span> <span class='ocrx_word' id='word_1_124' title='bbox 1091 1582 1223 1650; x_wconf 79' lang='lat' dir='ltr'>tarpiatar</span> 
     </span>
     <span class='ocr_line' id='line_1_14' title="bbox 124 1667 1221 1736; baseline 0.001 -19"><span class='ocrx_word' id='word_1_125' title='bbox 124 1667 164 1718; x_wconf 90' lang='lat' dir='ltr'>W.</span> <span class='ocrx_word' id='word_1_126' title='bbox 203 1670 226 1719; x_wconf 90' lang='lat'>5.</span> <span class='ocrx_word' id='word_1_127' title='bbox 245 1671 350 1723; x_wconf 79' lang='lat' dir='ltr'>adiacet</span> <span class='ocrx_word' id='word_1_128' title='bbox 367 1685 381 1719; x_wconf 85' lang='lat' dir='ltr'>a</span> <span class='ocrx_word' id='word_1_129' title='bbox 399 1685 432 1720; x_wconf 90' lang='lat' dir='ltr'>m.</span> <span class='ocrx_word' id='word_1_130' title='bbox 451 1686 500 1736; x_wconf 76' lang='lat' dir='ltr'>pn,</span> <span class='ocrx_word' id='word_1_131' title='bbox 519 1685 599 1722; x_wconf 84' lang='lat' dir='ltr'>asco.</span> <span class='ocrx_word' id='word_1_132' title='bbox 620 1669 788 1735; x_wconf 75' lang='lat' dir='ltr'>attinentia,</span> <span class='ocrx_word' id='word_1_133' title='bbox 807 1674 917 1725; x_wconf 80' lang='lat' dir='ltr'>adiuvat</span> <span class='ocrx_word' id='word_1_134' title='bbox 929 1671 1003 1722; x_wconf 84' lang='lat' dir='ltr'>otiam</span> <span class='ocrx_word' id='word_1_135' title='bbox 1016 1669 1095 1720; x_wconf 89' lang='lat' dir='ltr'>ceteri</span> <span class='ocrx_word' id='word_1_136' title='bbox 1109 1667 1221 1719; x_wconf 81' lang='lat' dir='ltr'>Menace.</span> 
     </span>
     <span class='ocr_line' id='line_1_15' title="bbox 124 1754 1221 1825; baseline 0.001 -19"><span class='ocrx_word' id='word_1_137' title='bbox 124 1764 150 1806; x_wconf 88' lang='lat' dir='ltr'>at</span> <span class='ocrx_word' id='word_1_138' title='bbox 170 1754 222 1808; x_wconf 83' lang='lat' dir='ltr'>Bab</span> <span class='ocrx_word' id='word_1_139' title='bbox 242 1758 402 1823; x_wconf 83' lang='lat' dir='ltr'>conspirante</span> <span class='ocrx_word' id='word_1_140' title='bbox 421 1756 460 1810; x_wconf 89' lang='lat' dir='ltr'>ed.</span> <span class='ocrx_word' id='word_1_141' title='bbox 480 1757 575 1824; x_wconf 75' lang='lat' dir='ltr'>ttod.‚‘</span> <span class='ocrx_word' id='word_1_142' title='bbox 588 1761 693 1813; x_wconf 80' lang='lat' dir='ltr'>adiacet</span> <span class='ocrx_word' id='word_1_143' title='bbox 711 1756 742 1809; x_wconf 86' lang='lat' dir='ltr'>W</span> <span class='ocrx_word' id='word_1_144' title='bbox 761 1767 788 1810; x_wconf 88' lang='lat' dir='ltr'>et</span> <span class='ocrx_word' id='word_1_145' title='bbox 806 1757 858 1825; x_wconf 78' lang='lat' dir='ltr'>aa,</span> <span class='ocrx_word' id='word_1_146' title='bbox 884 1760 944 1810; x_wconf 86' lang='lat' dir='ltr'>item</span> <span class='ocrx_word' id='word_1_147' title='bbox 964 1758 1022 1810; x_wconf 90' lang='lat' dir='ltr'>add.</span> <span class='ocrx_word' id='word_1_148' title='bbox 1042 1755 1096 1808; x_wconf 83' lang='lat' dir='ltr'>Col.</span> <span class='ocrx_word' id='word_1_149' title='bbox 1116 1754 1221 1808; x_wconf 80' lang='lat' dir='ltr'>Amerb.</span> 
     </span>
     <span class='ocr_line' id='line_1_16' title="bbox 124 1828 381 1913; baseline 0.016 -19"><span class='ocrx_word' id='word_1_150' title='bbox 124 1853 201 1913; x_wconf 89' lang='lat' dir='ltr'>atque</span> <span class='ocrx_word' id='word_1_151' title='bbox 219 1828 381 1912; x_wconf 80' lang='lat' dir='ltr'>posteriores.</span> 
     </span>
    </p>
   </div>
   <div class='ocr_carea' id='block_1_8' title="bbox 126 1948 1224 2107">
    <p class='ocr_par' dir='ltr' id='par_1_8' title="bbox 126 1948 1224 2107">
     <span class='ocr_line' id='line_1_17' title="bbox 195 1948 1221 2023; baseline -0.019 -7"><span class='ocrx_word' id='word_1_152' title='bbox 195 1951 219 2016; x_wconf 65' lang='lat'>5·</span> <span class='ocrx_word' id='word_1_153' title='bbox 240 1951 282 2016; x_wconf 71' lang='lat'>¹7,</span> <span class='ocrx_word' id='word_1_154' title='bbox 303 1950 325 2003; x_wconf 82' lang='lat'>1·</span> <span class='ocrx_word' id='word_1_155' title='bbox 344 1959 520 2023; x_wconf 75' lang='lat' dir='ltr'>menta-oram,</span> <span class='ocrx_word' id='word_1_156' title='bbox 539 1954 557 2006; x_wconf 93' lang='lat' dir='ltr'>l.</span> <span class='ocrx_word' id='word_1_157' title='bbox 570 1955 595 2006; x_wconf 88' lang='lat'>2.</span> <span class='ocrx_word' id='word_1_158' title='bbox 613 1957 758 2020; x_wconf 79' lang='lat' dir='ltr'>menbrum,</span> <span class='ocrx_word' id='word_1_159' title='bbox 778 1954 794 2005; x_wconf 95' lang='grc'>1.</span> <span class='ocrx_word' id='word_1_160' title='bbox 807 1953 832 2005; x_wconf 83' lang='grc'><strong>7.</strong></span> <span class='ocrx_word' id='word_1_161' title='bbox 849 1957 1016 2008; x_wconf 78' lang='lat' dir='ltr'>menbrorum</span> <span class='ocrx_word' id='word_1_162' title='bbox 1037 1951 1115 2001; x_wconf 86' lang='lat' dir='ltr'>etita</span> <span class='ocrx_word' id='word_1_163' title='bbox 1133 1951 1158 2014; x_wconf 89' lang='lat'>§.</span> <span class='ocrx_word' id='word_1_164' title='bbox 1180 1948 1221 1999; x_wconf 87' lang='lat'>18.</span> 
     </span>
     <span class='ocr_line' id='line_1_18' title="bbox 126 2038 1224 2107; baseline -0.005 -14"><span class='ocrx_word' id='word_1_165' title='bbox 126 2049 273 2093; x_wconf 82' lang='lat' dir='ltr'>constanter</span> <span class='ocrx_word' id='word_1_166' title='bbox 290 2042 347 2094; x_wconf 90' lang='lat' dir='ltr'>cod.</span> <span class='ocrx_word' id='word_1_167' title='bbox 367 2042 410 2095; x_wconf 86' lang='lat' dir='ltr'>bii.</span> <span class='ocrx_word' id='word_1_168' title='bbox 448 2042 486 2096; x_wconf 85' lang='lat' dir='ltr'>De</span> <span class='ocrx_word' id='word_1_169' title='bbox 503 2060 532 2096; x_wconf 88' lang='lat' dir='ltr'>re</span> <span class='ocrx_word' id='word_1_170' title='bbox 548 2042 600 2095; x_wconf 86' lang='lat' dir='ltr'>vid.</span> <span class='ocrx_word' id='word_1_171' title='bbox 622 2045 676 2098; x_wconf 74' lang='lat' dir='ltr'>Cic.</span> <span class='ocrx_word' id='word_1_172' title='bbox 697 2041 729 2094; x_wconf 88' lang='lat' dir='ltr'>dc</span> <span class='ocrx_word' id='word_1_173' title='bbox 749 2041 816 2094; x_wconf 85' lang='lat' dir='ltr'>offic.</span> <span class='ocrx_word' id='word_1_174' title='bbox 836 2041 878 2093; x_wconf 90' lang='lat'>111.</span> <span class='ocrx_word' id='word_1_175' title='bbox 893 2043 916 2092; x_wconf 88' lang='grc'>5.</span> <span class='ocrx_word' id='word_1_176' title='bbox 936 2042 960 2107; x_wconf 68' lang='grc' dir='ltr'><strong>ς.</strong></span> <span class='ocrx_word' id='word_1_177' title='bbox 975 2040 1017 2090; x_wconf 88' lang='grc'><strong>22.</strong></span> <span class='ocrx_word' id='word_1_178' title='bbox 1054 2039 1079 2090; x_wconf 93' lang='grc'><strong>2.</strong></span> <span class='ocrx_word' id='word_1_179' title='bbox 1099 2038 1224 2104; x_wconf 82' lang='lat' dir='ltr'>Nunqnid</span> 
     </span>
    </p>
   </div>
   <div class='ocr_carea' id='block_1_9' title="bbox 126 2126 1332 2197">
    <p class='ocr_par' dir='ltr' id='par_1_9' title="bbox 126 2126 1332 2197">
     <span class='ocr_line' id='line_1_19' title="bbox 126 2126 1332 2197; baseline -0.003 -17"><span class='ocrx_word' id='word_1_180' title='bbox 126 2129 168 2180; x_wconf 86' lang='lat' dir='ltr'>bid</span> <span class='ocrx_word' id='word_1_181' title='bbox 194 2137 220 2180; x_wconf 88' lang='lat' dir='ltr'>et</span> <span class='ocrx_word' id='word_1_182' title='bbox 243 2128 373 2197; x_wconf 85' lang='lat' dir='ltr'>exemplar</span> <span class='ocrx_word' id='word_1_183' title='bbox 390 2130 456 2182; x_wconf 86' lang='lat' dir='ltr'>bied.</span> <span class='ocrx_word' id='word_1_184' title='bbox 494 2129 861 2195; x_wconf 78' lang='lat' dir='ltr'>eont.adtt.&#39;t.§.1t‚4.</span> <span class='ocrx_word' id='word_1_185' title='bbox 898 2128 922 2180; x_wconf 82' lang='grc'><strong>3.</strong></span> <span class='ocrx_word' id='word_1_186' title='bbox 948 2127 1018 2180; x_wconf 85' lang='lat' dir='ltr'>Corr.</span> <span class='ocrx_word' id='word_1_187' title='bbox 1046 2132 1092 2178; x_wconf 85' lang='lat' dir='ltr'>ont</span> <span class='ocrx_word' id='word_1_188' title='bbox 1116 2126 1221 2178; x_wconf 78' lang='lat' dir='ltr'>oraine.</span> <span class='ocrx_word' id='word_1_189' title='bbox 1328 2158 1332 2168; x_wconf 80' lang='lat'><strong>.</strong></span> 
     </span>
    </p>
   </div>
   <div class='ocr_carea' id='block_1_10' title="bbox 126 2189 1221 2286">
    <p class='ocr_par' dir='ltr' id='par_1_10' title="bbox 126 2189 1221 2286">
     <span class='ocr_line' id='line_1_20' title="bbox 126 2189 1221 2286; baseline -0.007 -14"><span class='ocrx_word' id='word_1_190' title='bbox 126 2222 178 2272; x_wconf 83' lang='lat' dir='ltr'>Ant</span> <span class='ocrx_word' id='word_1_191' title='bbox 195 2222 293 2273; x_wconf 83' lang='lat' dir='ltr'>nonina</span> <span class='ocrx_word' id='word_1_192' title='bbox 310 2247 344 2256; x_wconf 89' lang='lat'><em>-</em></span> <span class='ocrx_word' id='word_1_193' title='bbox 362 2222 481 2274; x_wconf 83' lang='lat' dir='ltr'>vindicat</span> <span class='ocrx_word' id='word_1_194' title='bbox 499 2219 619 2271; x_wconf 82' lang='lat' dir='ltr'>exhibent</span> <span class='ocrx_word' id='word_1_195' title='bbox 637 2218 672 2271; x_wconf 84' lang='lat' dir='ltr'>Ba</span> <span class='ocrx_word' id='word_1_196' title='bbox 692 2227 717 2271; x_wconf 90' lang='lat' dir='ltr'>et</span> <span class='ocrx_word' id='word_1_197' title='bbox 737 2219 796 2272; x_wconf 86' lang='lat' dir='ltr'>edd.</span> <span class='ocrx_word' id='word_1_198' title='bbox 809 2218 888 2270; x_wconf 86' lang='lat' dir='ltr'>Maur.</span> <span class='ocrx_word' id='word_1_199' title='bbox 908 2189 1077 2286; x_wconf 65' lang='lat' dir='ltr'>aequabile„</span> <span class='ocrx_word' id='word_1_200' title='bbox 1090 2222 1135 2267; x_wconf 86' lang='lat' dir='ltr'>ant</span> <span class='ocrx_word' id='word_1_201' title='bbox 1152 2227 1221 2264; x_wconf 80' lang='lat' dir='ltr'>oen-</span> 
     </span>
    </p>
   </div>
   <div class='ocr_carea' id='block_1_11' title="bbox 127 2296 1304 2372">
    <p class='ocr_par' dir='ltr' id='par_1_11' title="bbox 127 2296 1304 2372">
     <span class='ocr_line' id='line_1_21' title="bbox 127 2296 1304 2372; baseline -0.011 -12"><span class='ocrx_word' id='word_1_202' title='bbox 127 2312 172 2362; x_wconf 79' lang='lat' dir='ltr'>lna</span> <span class='ocrx_word' id='word_1_203' title='bbox 191 2336 225 2345; x_wconf 88' lang='lat'>-</span> <span class='ocrx_word' id='word_1_204' title='bbox 242 2310 363 2360; x_wconf 78' lang='lat' dir='ltr'>vendicat</span> <span class='ocrx_word' id='word_1_205' title='bbox 381 2305 469 2359; x_wconf 84' lang='lat' dir='ltr'>scribit</span> <span class='ocrx_word' id='word_1_206' title='bbox 488 2304 534 2372; x_wconf 86' lang='lat' dir='ltr'>Bb,</span> <span class='ocrx_word' id='word_1_207' title='bbox 553 2317 584 2361; x_wconf 86' lang='lat' dir='ltr'>nt</span> <span class='ocrx_word' id='word_1_208' title='bbox 601 2311 697 2362; x_wconf 71' lang='lat' dir='ltr'>neuim</span> <span class='ocrx_word' id='word_1_209' title='bbox 716 2336 746 2345; x_wconf 90' lang='lat'>—</span> <span class='ocrx_word' id='word_1_210' title='bbox 766 2309 882 2362; x_wconf 83' lang='lat' dir='ltr'>vindicet</span> <span class='ocrx_word' id='word_1_211' title='bbox 903 2306 963 2357; x_wconf 85' lang='lat' dir='ltr'>dant</span> <span class='ocrx_word' id='word_1_212' title='bbox 980 2304 1012 2355; x_wconf 93' lang='lat' dir='ltr'>W</span> <span class='ocrx_word' id='word_1_213' title='bbox 1030 2309 1056 2354; x_wconf 87' lang='lat' dir='ltr'>et</span> <span class='ocrx_word' id='word_1_214' title='bbox 1074 2300 1131 2353; x_wconf 88' lang='lat' dir='ltr'>edd.</span> <span class='ocrx_word' id='word_1_215' title='bbox 1152 2296 1213 2350; x_wconf 84' lang='lat' dir='ltr'>Gost</span> <span class='ocrx_word' id='word_1_216' title='bbox 1289 2317 1304 2339; x_wconf 71' lang='grc' dir='ltr'>ι</span> 
     </span>
    </p>
   </div>
   <div class='ocr_carea' id='block_1_12' title="bbox 94 2391 1266 3168">
    <p class='ocr_par' dir='ltr' id='par_1_12' title="bbox 94 2391 1266 3168">
     <span class='ocr_line' id='line_1_22' title="bbox 126 2391 1222 2464; baseline -0.004 -18"><span class='ocrx_word' id='word_1_217' title='bbox 126 2413 158 2447; x_wconf 82' lang='lat' dir='ltr'>ac</span> <span class='ocrx_word' id='word_1_218' title='bbox 177 2391 265 2447; x_wconf 86' lang='lat' dir='ltr'>Pistor.</span> <span class='ocrx_word' id='word_1_219' title='bbox 286 2402 312 2446; x_wconf 88' lang='lat' dir='ltr'>et</span> <span class='ocrx_word' id='word_1_220' title='bbox 329 2397 362 2447; x_wconf 89' lang='lat' dir='ltr'>ita</span> <span class='ocrx_word' id='word_1_221' title='bbox 381 2411 419 2462; x_wconf 94' lang='lat' dir='ltr'>pr.</span> <span class='ocrx_word' id='word_1_222' title='bbox 439 2395 551 2447; x_wconf 83' lang='lat' dir='ltr'>babebat</span> <span class='ocrx_word' id='word_1_223' title='bbox 569 2395 625 2459; x_wconf 85' lang='lat' dir='ltr'>bia,</span> <span class='ocrx_word' id='word_1_224' title='bbox 646 2397 672 2446; x_wconf 91' lang='lat' dir='ltr'>in</span> <span class='ocrx_word' id='word_1_225' title='bbox 693 2410 744 2464; x_wconf 89' lang='lat' dir='ltr'>qno</span> <span class='ocrx_word' id='word_1_226' title='bbox 763 2412 783 2447; x_wconf 88' lang='lat' dir='ltr'>r.</span> <span class='ocrx_word' id='word_1_227' title='bbox 803 2409 836 2445; x_wconf 87' lang='lat' dir='ltr'>na.</span> <span class='ocrx_word' id='word_1_228' title='bbox 854 2397 969 2448; x_wconf 69' lang='lat' dir='ltr'>obediret</span> <span class='ocrx_word' id='word_1_229' title='bbox 986 2392 1091 2443; x_wconf 85' lang='lat' dir='ltr'>mutavit</span> <span class='ocrx_word' id='word_1_230' title='bbox 1110 2391 1135 2440; x_wconf 90' lang='lat' dir='ltr'>in</span> <span class='ocrx_word' id='word_1_231' title='bbox 1153 2406 1222 2442; x_wconf 85' lang='lat' dir='ltr'>ren-</span> 
     </span>
     <span class='ocr_line' id='line_1_23' title="bbox 94 2467 1255 2552; baseline -0.009 -15"><span class='ocrx_word' id='word_1_232' title='bbox 94 2467 98 2475; x_wconf 22' lang='lat'><em>!</em></span> <span class='ocrx_word' id='word_1_233' title='bbox 125 2488 209 2550; x_wconf 76' lang='lat' dir='ltr'>dicet3</span> <span class='ocrx_word' id='word_1_234' title='bbox 226 2492 256 2536; x_wconf 84' lang='lat' dir='ltr'>nt</span> <span class='ocrx_word' id='word_1_235' title='bbox 274 2486 369 2537; x_wconf 73' lang='lat' dir='ltr'>ornias</span> <span class='ocrx_word' id='word_1_236' title='bbox 389 2511 419 2521; x_wconf 93' lang='lat'>-</span> <span class='ocrx_word' id='word_1_237' title='bbox 439 2486 556 2537; x_wconf 83' lang='lat' dir='ltr'>vendicet</span> <span class='ocrx_word' id='word_1_238' title='bbox 572 2484 665 2552; x_wconf 83' lang='lat' dir='ltr'>iegitur</span> <span class='ocrx_word' id='word_1_239' title='bbox 683 2486 759 2536; x_wconf 86' lang='lat' dir='ltr'>etiam</span> <span class='ocrx_word' id='word_1_240' title='bbox 778 2485 803 2534; x_wconf 90' lang='lat' dir='ltr'>in</span> <span class='ocrx_word' id='word_1_241' title='bbox 823 2483 916 2534; x_wconf 88' lang='lat' dir='ltr'>ceteris</span> <span class='ocrx_word' id='word_1_242' title='bbox 933 2481 1004 2532; x_wconf 89' lang='lat' dir='ltr'>libris</span> <span class='ocrx_word' id='word_1_243' title='bbox 1017 2478 1132 2530; x_wconf 83' lang='lat' dir='ltr'>Monacc.</span> <span class='ocrx_word' id='word_1_244' title='bbox 1152 2484 1179 2527; x_wconf 87' lang='lat' dir='ltr'>et</span> <span class='ocrx_word' id='word_1_245' title='bbox 1197 2477 1222 2527; x_wconf 91' lang='lat' dir='ltr'>in</span> <span class='ocrx_word' id='word_1_246' title='bbox 1251 2470 1255 2479; x_wconf 79' lang='lat'><em>&#39;</em></span> 
     </span>
     <span class='ocr_line' id='line_1_24' title="bbox 128 2564 1223 2640; baseline -0.005 -18"><span class='ocrx_word' id='word_1_247' title='bbox 128 2570 172 2636; x_wconf 81' lang='lat' dir='ltr'>ec,</span> <span class='ocrx_word' id='word_1_248' title='bbox 191 2587 205 2621; x_wconf 86' lang='lat' dir='ltr'>a</span> <span class='ocrx_word' id='word_1_249' title='bbox 224 2571 316 2640; x_wconf 91' lang='lat' dir='ltr'>quibus</span> <span class='ocrx_word' id='word_1_250' title='bbox 335 2585 384 2621; x_wconf 90' lang='lat' dir='ltr'>uon</span> <span class='ocrx_word' id='word_1_251' title='bbox 404 2571 549 2638; x_wconf 85' lang='lat' dir='ltr'>discrepant</span> <span class='ocrx_word' id='word_1_252' title='bbox 567 2580 667 2623; x_wconf 88' lang='lat' dir='ltr'>veteres</span> <span class='ocrx_word' id='word_1_253' title='bbox 687 2571 745 2622; x_wconf 89' lang='lat' dir='ltr'>edd.</span> <span class='ocrx_word' id='word_1_254' title='bbox 766 2568 897 2622; x_wconf 84' lang='lat' dir='ltr'>c.Eras1n.</span> <span class='ocrx_word' id='word_1_255' title='bbox 933 2567 994 2619; x_wconf 85' lang='lat' dir='ltr'>Turn</span> <span class='ocrx_word' id='word_1_256' title='bbox 1013 2569 1113 2618; x_wconf 87' lang='lat' dir='ltr'>inverso</span> <span class='ocrx_word' id='word_1_257' title='bbox 1132 2564 1223 2616; x_wconf 88' lang='lat' dir='ltr'>ordina</span> 
     </span>
     <span class='ocr_line' id='line_1_25' title="bbox 126 2654 1222 2728; baseline -0.003 -21"><span class='ocrx_word' id='word_1_258' title='bbox 126 2657 164 2709; x_wconf 80' lang='lat' dir='ltr'>Bo</span> <span class='ocrx_word' id='word_1_259' title='bbox 191 2657 279 2709; x_wconf 89' lang='lat' dir='ltr'>scribit</span> <span class='ocrx_word' id='word_1_260' title='bbox 305 2669 350 2713; x_wconf 87' lang='lat' dir='ltr'>ant</span> <span class='ocrx_word' id='word_1_261' title='bbox 374 2663 445 2713; x_wconf 84' lang='lat' dir='ltr'>ocuti</span> <span class='ocrx_word' id='word_1_262' title='bbox 468 2663 585 2728; x_wconf 70' lang='lat' dir='ltr'>officinm</span> <span class='ocrx_word' id='word_1_263' title='bbox 608 2678 639 2715; x_wconf 86' lang='lat' dir='ltr'>or</span> <span class='ocrx_word' id='word_1_264' title='bbox 665 2668 691 2712; x_wconf 92' lang='lat' dir='ltr'>et</span> <span class='ocrx_word' id='word_1_265' title='bbox 714 2676 761 2727; x_wconf 88' lang='lat' dir='ltr'>pro</span> <span class='ocrx_word' id='word_1_266' title='bbox 786 2677 818 2713; x_wconf 82' lang='lat' dir='ltr'>or</span> <span class='ocrx_word' id='word_1_267' title='bbox 836 2661 907 2713; x_wconf 83' lang='lat' dir='ltr'>aonii</span> <span class='ocrx_word' id='word_1_268' title='bbox 925 2656 960 2709; x_wconf 85' lang='lat' dir='ltr'>Bc</span> <span class='ocrx_word' id='word_1_269' title='bbox 984 2654 1106 2709; x_wconf 82' lang='lat' dir='ltr'>mendosa</span> <span class='ocrx_word' id='word_1_270' title='bbox 1125 2656 1222 2708; x_wconf 82' lang='lat' dir='ltr'>oranti.</span> 
     </span>
     <span class='ocr_line' id='line_1_26' title="bbox 126 2740 1225 2818; baseline -0.005 -22"><span class='ocrx_word' id='word_1_271' title='bbox 126 2744 195 2796; x_wconf 84' lang='lat' dir='ltr'>idern</span> <span class='ocrx_word' id='word_1_272' title='bbox 213 2745 230 2797; x_wconf 89' lang='grc' dir='ltr'><strong>Ι.</strong></span> <span class='ocrx_word' id='word_1_273' title='bbox 244 2746 268 2795; x_wconf 83' lang='grc'>1.</span> <span class='ocrx_word' id='word_1_274' title='bbox 287 2756 316 2799; x_wconf 89' lang='lat' dir='ltr'>nt</span> <span class='ocrx_word' id='word_1_275' title='bbox 334 2764 432 2800; x_wconf 80' lang='lat' dir='ltr'>monna</span> <span class='ocrx_word' id='word_1_276' title='bbox 455 2762 564 2816; x_wconf 91' lang='lat' dir='ltr'>moxque</span> <span class='ocrx_word' id='word_1_277' title='bbox 588 2765 637 2818; x_wconf 82' lang='lat' dir='ltr'>pea</span> <span class='ocrx_word' id='word_1_278' title='bbox 653 2765 751 2801; x_wconf 81' lang='lat' dir='ltr'>manna</span> <span class='ocrx_word' id='word_1_279' title='bbox 770 2745 814 2797; x_wconf 80' lang='lat' dir='ltr'>tta.</span> <span class='ocrx_word' id='word_1_280' title='bbox 859 2746 884 2796; x_wconf 89' lang='lat'>5.</span> <span class='ocrx_word' id='word_1_281' title='bbox 909 2748 971 2812; x_wconf 75' lang='lat' dir='ltr'>ipra</span> <span class='ocrx_word' id='word_1_282' title='bbox 988 2759 1086 2797; x_wconf 72' lang='lat' dir='ltr'>mansu</span> <span class='ocrx_word' id='word_1_283' title='bbox 1104 2740 1225 2792; x_wconf 83' lang='lat' dir='ltr'>exhibent</span> 
     </span>
     <span class='ocr_line' id='line_1_27' title="bbox 127 2827 1225 2890; baseline -0.005 -7"><span class='ocrx_word' id='word_1_284' title='bbox 127 2833 202 2884; x_wconf 93' lang='lat' dir='ltr'>codd.</span> <span class='ocrx_word' id='word_1_285' title='bbox 223 2833 262 2883; x_wconf 93' lang='lat' dir='ltr'>W.</span> <span class='ocrx_word' id='word_1_286' title='bbox 284 2833 395 2886; x_wconf 79' lang='lat' dir='ltr'>Menoec.</span> <span class='ocrx_word' id='word_1_287' title='bbox 421 2843 447 2886; x_wconf 89' lang='lat' dir='ltr'>et</span> <span class='ocrx_word' id='word_1_288' title='bbox 465 2834 508 2887; x_wconf 88' lang='lat' dir='ltr'>Ba.</span> <span class='ocrx_word' id='word_1_289' title='bbox 545 2834 607 2887; x_wconf 86' lang='lat' dir='ltr'>Tum</span> <span class='ocrx_word' id='word_1_290' title='bbox 632 2839 726 2890; x_wconf 78' lang='lat' dir='ltr'>dextra</span> <span class='ocrx_word' id='word_1_291' title='bbox 750 2833 819 2886; x_wconf 83' lang='lat' dir='ltr'>Baba</span> <span class='ocrx_word' id='word_1_292' title='bbox 844 2842 869 2886; x_wconf 90' lang='lat' dir='ltr'>et</span> <span class='ocrx_word' id='word_1_293' title='bbox 892 2832 931 2883; x_wconf 80' lang='lat' dir='ltr'>tte</span> <span class='ocrx_word' id='word_1_294' title='bbox 956 2847 978 2883; x_wconf 93' lang='lat' dir='ltr'>c.</span> <span class='ocrx_word' id='word_1_295' title='bbox 1005 2831 1062 2882; x_wconf 87' lang='lat' dir='ltr'>edd.</span> <span class='ocrx_word' id='word_1_296' title='bbox 1083 2828 1135 2881; x_wconf 84' lang='lat' dir='ltr'>Col.</span> <span class='ocrx_word' id='word_1_297' title='bbox 1156 2827 1225 2879; x_wconf 71' lang='lat' dir='ltr'>ntea.</span> 
     </span>
     <span class='ocr_line' id='line_1_28' title="bbox 125 2917 1223 2992; baseline -0.007 -20"><span class='ocrx_word' id='word_1_298' title='bbox 125 2929 204 2990; x_wconf 84' lang='lat' dir='ltr'>etque</span> <span class='ocrx_word' id='word_1_299' title='bbox 217 2920 285 2974; x_wconf 84' lang='lat' dir='ltr'>Cast.</span> <span class='ocrx_word' id='word_1_300' title='bbox 322 2921 370 2974; x_wconf 85' lang='lat' dir='ltr'>Pro</span> <span class='ocrx_word' id='word_1_301' title='bbox 390 2940 431 2987; x_wconf 84' lang='lat' dir='ltr'>ae,</span> <span class='ocrx_word' id='word_1_302' title='bbox 450 2923 518 2992; x_wconf 94' lang='lat' dir='ltr'>quod</span> <span class='ocrx_word' id='word_1_303' title='bbox 537 2932 639 2975; x_wconf 90' lang='lat' dir='ltr'>tuentur</span> <span class='ocrx_word' id='word_1_304' title='bbox 658 2923 732 2976; x_wconf 89' lang='lat' dir='ltr'>codd.</span> <span class='ocrx_word' id='word_1_305' title='bbox 751 2920 822 2975; x_wconf 88' lang='lat' dir='ltr'>Babc</span> <span class='ocrx_word' id='word_1_306' title='bbox 839 2930 993 2989; x_wconf 87' lang='lat' dir='ltr'>veteresque</span> <span class='ocrx_word' id='word_1_307' title='bbox 1016 2917 1075 2968; x_wconf 94' lang='lat' dir='ltr'>edd.</span> <span class='ocrx_word' id='word_1_308' title='bbox 1099 2931 1147 2966; x_wconf 89' lang='lat' dir='ltr'>una</span> <span class='ocrx_word' id='word_1_309' title='bbox 1167 2931 1223 2965; x_wconf 88' lang='lat' dir='ltr'>curn</span> 
     </span>
     <span class='ocr_line' id='line_1_29' title="bbox 125 3002 1266 3075; baseline -0.008 -13"><span class='ocrx_word' id='word_1_310' title='bbox 125 3009 224 3062; x_wconf 84' lang='lat' dir='ltr'>Erasm.</span> <span class='ocrx_word' id='word_1_311' title='bbox 251 3017 277 3060; x_wconf 87' lang='lat' dir='ltr'>et</span> <span class='ocrx_word' id='word_1_312' title='bbox 300 3010 498 3075; x_wconf 82' lang='lat' dir='ltr'>recentioribus,</span> <span class='ocrx_word' id='word_1_313' title='bbox 524 3012 550 3062; x_wconf 89' lang='lat' dir='ltr'>in</span> <span class='ocrx_word' id='word_1_314' title='bbox 569 3011 639 3064; x_wconf 87' lang='lat' dir='ltr'>libris</span> <span class='ocrx_word' id='word_1_315' title='bbox 657 3028 716 3063; x_wconf 89' lang='lat' dir='ltr'>mss.</span> <span class='ocrx_word' id='word_1_316' title='bbox 735 3012 768 3062; x_wconf 98' lang='lat' dir='ltr'>W</span> <span class='ocrx_word' id='word_1_317' title='bbox 787 3019 813 3063; x_wconf 87' lang='lat' dir='ltr'>et</span> <span class='ocrx_word' id='word_1_318' title='bbox 831 3009 944 3061; x_wconf 79' lang='lat' dir='ltr'>Menace.</span> <span class='ocrx_word' id='word_1_319' title='bbox 968 3013 1049 3059; x_wconf 83' lang='lat' dir='ltr'>exstat</span> <span class='ocrx_word' id='word_1_320' title='bbox 1067 3014 1120 3058; x_wconf 83' lang='lat' dir='ltr'>ant.</span> <span class='ocrx_word' id='word_1_321' title='bbox 1157 3002 1223 3064; x_wconf 87' lang='lat' dir='ltr'>Dein</span> <span class='ocrx_word' id='word_1_322' title='bbox 1264 3021 1266 3037; x_wconf 71' lang='lat'>=</span> 
     </span>
     <span class='ocr_line' id='line_1_30' title="bbox 126 3091 1224 3168; baseline -0.007 -18"><span class='ocrx_word' id='word_1_323' title='bbox 126 3100 265 3166; x_wconf 81' lang='lat' dir='ltr'>diepertita</span> <span class='ocrx_word' id='word_1_324' title='bbox 283 3095 341 3148; x_wconf 84' lang='lat' dir='ltr'>dant</span> <span class='ocrx_word' id='word_1_325' title='bbox 359 3096 397 3149; x_wconf 82' lang='lat' dir='ltr'>tta</span> <span class='ocrx_word' id='word_1_326' title='bbox 411 3105 437 3150; x_wconf 89' lang='lat' dir='ltr'>et</span> <span class='ocrx_word' id='word_1_327' title='bbox 450 3097 511 3150; x_wconf 82' lang='lat' dir='ltr'>bbc.</span> <span class='ocrx_word' id='word_1_328' title='bbox 547 3099 646 3168; x_wconf 78' lang='lat' dir='ltr'>Reliqui</span> <span class='ocrx_word' id='word_1_329' title='bbox 666 3114 729 3150; x_wconf 87' lang='lat' dir='ltr'>vero</span> <span class='ocrx_word' id='word_1_330' title='bbox 748 3099 797 3151; x_wconf 90' lang='lat' dir='ltr'>boo</span> <span class='ocrx_word' id='word_1_331' title='bbox 816 3097 967 3150; x_wconf 85' lang='lat' dir='ltr'>vocabulum</span> <span class='ocrx_word' id='word_1_332' title='bbox 986 3111 1033 3162; x_wconf 89' lang='lat' dir='ltr'>per</span> <span class='ocrx_word' id='word_1_333' title='bbox 1048 3091 1224 3159; x_wconf 87' lang='lat' dir='ltr'>compendium</span> 
     </span>
    </p>
   </div>
   <div class='ocr_carea' id='block_1_13' title="bbox 126 3177 1263 3266">
    <p class='ocr_par' dir='ltr' id='par_1_13' title="bbox 126 3177 1263 3266">
     <span class='ocr_line' id='line_1_31' title="bbox 126 3177 1263 3266; baseline -0.008 -30"><span class='ocrx_word' id='word_1_334' title='bbox 126 3184 257 3248; x_wconf 84' lang='lat' dir='ltr'>scribunt,</span> <span class='ocrx_word' id='word_1_335' title='bbox 286 3200 336 3254; x_wconf 93' lang='lat' dir='ltr'>quo</span> <span class='ocrx_word' id='word_1_336' title='bbox 359 3187 441 3266; x_wconf 78' lang='lat' dir='ltr'>utitur</span> <span class='ocrx_word' id='word_1_337' title='bbox 465 3187 539 3238; x_wconf 88' lang='lat' dir='ltr'>etiarn</span> <span class='ocrx_word' id='word_1_338' title='bbox 558 3186 599 3238; x_wconf 85' lang='lat' dir='ltr'>ed.</span> <span class='ocrx_word' id='word_1_339' title='bbox 620 3185 691 3250; x_wconf 87' lang='lat' dir='ltr'><strong>Col.;</strong></span> <span class='ocrx_word' id='word_1_340' title='bbox 718 3189 859 3257; x_wconf 79' lang='lat' dir='ltr'>dispartita</span> <span class='ocrx_word' id='word_1_341' title='bbox 883 3191 967 3236; x_wconf 88' lang='lat' dir='ltr'>tenent</span> <span class='ocrx_word' id='word_1_342' title='bbox 990 3183 1145 3250; x_wconf 87' lang='lat' dir='ltr'>posteriores</span> <span class='ocrx_word' id='word_1_343' title='bbox 1164 3177 1222 3229; x_wconf 90' lang='lat' dir='ltr'>edd.</span> <span class='ocrx_word' id='word_1_344' title='bbox 1261 3199 1263 3202; x_wconf 52' lang='lat'>&gt;</span> 
     </span>
    </p>
   </div>
   <div class='ocr_carea' id='block_1_14' title="bbox 127 3283 1224 3396">
    <p class='ocr_par' dir='ltr' id='par_1_14' title="bbox 127 3283 1224 3396">
     <span class='ocr_line' id='line_1_32' title="bbox 127 3283 1224 3396; baseline -0.004 -20"><span class='ocrx_word' id='word_1_345' title='bbox 127 3311 225 3377; x_wconf 82' lang='lat' dir='ltr'>ornnes.</span> <span class='ocrx_word' id='word_1_346' title='bbox 261 3324 285 3376; x_wconf 89' lang='lat'>6.</span> <span class='ocrx_word' id='word_1_347' title='bbox 302 3285 418 3396; x_wconf 60' lang='lat' dir='ltr'>plerique</span> <span class='ocrx_word' id='word_1_348' title='bbox 440 3283 499 3380; x_wconf 60' lang='lat' dir='ltr'>nam</span> <span class='ocrx_word' id='word_1_349' title='bbox 517 3341 549 3377; x_wconf 86' lang='lat' dir='ltr'>ax</span> <span class='ocrx_word' id='word_1_350' title='bbox 573 3333 659 3378; x_wconf 84' lang='lat' dir='ltr'>mutat.</span> <span class='ocrx_word' id='word_1_351' title='bbox 683 3342 703 3378; x_wconf 90' lang='lat' dir='ltr'>r.</span> <span class='ocrx_word' id='word_1_352' title='bbox 723 3342 755 3378; x_wconf 81' lang='lat' dir='ltr'>nr.</span> <span class='ocrx_word' id='word_1_353' title='bbox 777 3324 824 3377; x_wconf 85' lang='lat' dir='ltr'>tta.</span> <span class='ocrx_word' id='word_1_354' title='bbox 862 3323 932 3376; x_wconf 87' lang='lat' dir='ltr'>Unde</span> <span class='ocrx_word' id='word_1_355' title='bbox 956 3327 1110 3393; x_wconf 76' lang='lat' dir='ltr'>pleramque</span> <span class='ocrx_word' id='word_1_356' title='bbox 1135 3321 1177 3373; x_wconf 83' lang='lat' dir='ltr'>rio</span> <span class='ocrx_word' id='word_1_357' title='bbox 1195 3326 1224 3372; x_wconf 86' lang='lat' dir='ltr'>nt</span> 
     </span>
    </p>
   </div>
   <div class='ocr_carea' id='block_1_15' title="bbox 127 3398 1129 3576">
    <p class='ocr_par' dir='ltr' id='par_1_15' title="bbox 127 3398 1129 3576">
     <span class='ocr_line' id='line_1_33' title="bbox 127 3398 1129 3482; baseline -0.003 -20"><span class='ocrx_word' id='word_1_358' title='bbox 127 3413 209 3463; x_wconf 85' lang='lat' dir='ltr'>ceteri</span> <span class='ocrx_word' id='word_1_359' title='bbox 227 3411 340 3465; x_wconf 82' lang='lat' dir='ltr'>dionaeo.</span> <span class='ocrx_word' id='word_1_360' title='bbox 361 3398 434 3465; x_wconf 63' lang='lat' dir='ltr'>‘bicx</span> <span class='ocrx_word' id='word_1_361' title='bbox 452 3416 584 3468; x_wconf 73' lang='lat' dir='ltr'>adversae</span> <span class='ocrx_word' id='word_1_362' title='bbox 602 3423 725 3469; x_wconf 77' lang='lat' dir='ltr'>naturam</span> <span class='ocrx_word' id='word_1_363' title='bbox 743 3413 845 3482; x_wconf 81' lang='lat' dir='ltr'>bibcdig</span> <span class='ocrx_word' id='word_1_364' title='bbox 864 3398 942 3465; x_wconf 77' lang='lat' dir='ltr'>nna</span> <span class='ocrx_word' id='word_1_365' title='bbox 961 3429 982 3464; x_wconf 89' lang='lat' dir='ltr'>c.</span> <span class='ocrx_word' id='word_1_366' title='bbox 1002 3410 1042 3462; x_wconf 86' lang='lat' dir='ltr'>ed.</span> <span class='ocrx_word' id='word_1_367' title='bbox 1062 3407 1129 3460; x_wconf 85' lang='lat' dir='ltr'>bied.</span> 
     </span>
     <span class='ocr_line' id='line_1_34' title="bbox 232 3517 408 3576; baseline -0.006 -7"><span class='ocrx_word' id='word_1_368' title='bbox 232 3517 259 3570; x_wconf 90' lang='grc' dir='ltr'><strong>Ρ.</strong></span> <span class='ocrx_word' id='word_1_369' title='bbox 281 3518 340 3571; x_wconf 87' lang='grc'><strong>181.</strong></span> <span class='ocrx_word' id='word_1_370' title='bbox 403 3561 408 3576; x_wconf 83' lang='lat'><strong>.</strong></span> 
     </span>
    </p>
   </div>
   <div class='ocr_carea' id='block_1_16' title="bbox 119 3601 1225 3942">
    <p class='ocr_par' dir='ltr' id='par_1_16' title="bbox 119 3601 1225 3942">
     <span class='ocr_line' id='line_1_35' title="bbox 199 3601 1223 3680; baseline -0.002 -7"><span class='ocrx_word' id='word_1_371' title='bbox 199 3623 222 3675; x_wconf 94' lang='grc'>1.</span> <span class='ocrx_word' id='word_1_372' title='bbox 241 3627 272 3678; x_wconf 87' lang='lat' dir='ltr'>de</span> <span class='ocrx_word' id='word_1_373' title='bbox 292 3629 400 3680; x_wconf 78' lang='lat' dir='ltr'>dextera</span> <span class='ocrx_word' id='word_1_374' title='bbox 424 3626 448 3677; x_wconf 90' lang='lat' dir='ltr'>in</span> <span class='ocrx_word' id='word_1_375' title='bbox 467 3629 590 3680; x_wconf 74' lang='lat' dir='ltr'>dexterae</span> <span class='ocrx_word' id='word_1_376' title='bbox 615 3635 641 3679; x_wconf 88' lang='lat' dir='ltr'>et</span> <span class='ocrx_word' id='word_1_377' title='bbox 659 3629 786 3680; x_wconf 83' lang='lat' dir='ltr'>ainirtrae</span> <span class='ocrx_word' id='word_1_378' title='bbox 804 3628 829 3678; x_wconf 88' lang='lat' dir='ltr'>in</span> <span class='ocrx_word' id='word_1_379' title='bbox 846 3601 889 3641; x_wconf 58' lang='grc' dir='ltr'>’Μ</span> <span class='ocrx_word' id='word_1_380' title='bbox 907 3627 1021 3679; x_wconf 82' lang='lat' dir='ltr'>eiraiatra</span> <span class='ocrx_word' id='word_1_381' title='bbox 1038 3621 1069 3675; x_wconf 85' lang='lat' dir='ltr'>ab</span> <span class='ocrx_word' id='word_1_382' title='bbox 1082 3639 1103 3673; x_wconf 92' lang='lat' dir='ltr'>r.</span> <span class='ocrx_word' id='word_1_383' title='bbox 1116 3636 1150 3674; x_wconf 86' lang='lat' dir='ltr'>tn.</span> <span class='ocrx_word' id='word_1_384' title='bbox 1163 3633 1223 3672; x_wconf 82' lang='lat' dir='ltr'>cor-</span> 
     </span>
     <span class='ocr_line' id='line_1_36' title="bbox 119 3711 1225 3792; baseline -0.001 -30"><span class='ocrx_word' id='word_1_385' title='bbox 119 3717 200 3787; x_wconf 81' lang='lat' dir='ltr'>¹rupta</span> <span class='ocrx_word' id='word_1_386' title='bbox 221 3712 320 3763; x_wconf 87' lang='lat' dir='ltr'>suntin</span> <span class='ocrx_word' id='word_1_387' title='bbox 340 3712 397 3763; x_wconf 91' lang='lat' dir='ltr'>cod.</span> <span class='ocrx_word' id='word_1_388' title='bbox 417 3711 465 3778; x_wconf 81' lang='lat' dir='ltr'>tta,</span> <span class='ocrx_word' id='word_1_389' title='bbox 484 3729 532 3765; x_wconf 89' lang='lat' dir='ltr'>nec</span> <span class='ocrx_word' id='word_1_390' title='bbox 550 3713 622 3765; x_wconf 79' lang='lat' dir='ltr'>aliter</span> <span class='ocrx_word' id='word_1_391' title='bbox 640 3713 730 3781; x_wconf 78' lang='lat' dir='ltr'>legitur</span> <span class='ocrx_word' id='word_1_392' title='bbox 753 3716 777 3765; x_wconf 92' lang='lat' dir='ltr'>in</span> <span class='ocrx_word' id='word_1_393' title='bbox 797 3716 889 3766; x_wconf 88' lang='lat' dir='ltr'>ceteris</span> <span class='ocrx_word' id='word_1_394' title='bbox 906 3712 1035 3773; x_wconf 81' lang='lat' dir='ltr'>Monacc.;</span> <span class='ocrx_word' id='word_1_395' title='bbox 1060 3712 1091 3763; x_wconf 83' lang='lat' dir='ltr'>da</span> <span class='ocrx_word' id='word_1_396' title='bbox 1114 3712 1225 3792; x_wconf 77' lang='lat' dir='ltr'>dextero</span> 
     </span>
     <span class='ocr_line' id='line_1_37' title="bbox 128 3795 1223 3871; baseline -0.003 -22"><span class='ocrx_word' id='word_1_397' title='bbox 128 3797 205 3850; x_wconf 87' lang='lat' dir='ltr'>habat</span> <span class='ocrx_word' id='word_1_398' title='bbox 217 3797 263 3862; x_wconf 86' lang='lat' dir='ltr'>Bb,</span> <span class='ocrx_word' id='word_1_399' title='bbox 283 3802 313 3853; x_wconf 85' lang='lat' dir='ltr'>da</span> <span class='ocrx_word' id='word_1_400' title='bbox 330 3802 425 3854; x_wconf 77' lang='lat' dir='ltr'>dextra</span> <span class='ocrx_word' id='word_1_401' title='bbox 443 3801 484 3853; x_wconf 86' lang='lat' dir='ltr'>ed.</span> <span class='ocrx_word' id='word_1_402' title='bbox 504 3798 559 3853; x_wconf 87' lang='lat' dir='ltr'>cot.</span> <span class='ocrx_word' id='word_1_403' title='bbox 579 3818 601 3852; x_wconf 93' lang='lat' dir='ltr'>c.</span> <span class='ocrx_word' id='word_1_404' title='bbox 615 3801 692 3866; x_wconf 74' lang='lat' dir='ltr'>atad..</span> <span class='ocrx_word' id='word_1_405' title='bbox 717 3805 841 3857; x_wconf 75' lang='lat' dir='ltr'>dexterae</span> <span class='ocrx_word' id='word_1_406' title='bbox 856 3800 902 3867; x_wconf 83' lang='lat' dir='ltr'>Ba,</span> <span class='ocrx_word' id='word_1_407' title='bbox 921 3802 963 3871; x_wconf 92' lang='lat' dir='ltr'>qui</span> <span class='ocrx_word' id='word_1_408' title='bbox 981 3802 1111 3854; x_wconf 79' lang='lat' dir='ltr'>sinistrae</span> <span class='ocrx_word' id='word_1_409' title='bbox 1123 3795 1223 3847; x_wconf 88' lang='lat' dir='ltr'>omittit.</span> 
     </span>
     <span class='ocr_line' id='line_1_38' title="bbox 128 3884 773 3942; baseline 0.009 -7"><span class='ocrx_word' id='word_1_410' title='bbox 128 3884 192 3936; x_wconf 85' lang='lat' dir='ltr'>Turn</span> <span class='ocrx_word' id='word_1_411' title='bbox 210 3889 299 3941; x_wconf 83' lang='lat' dir='ltr'>abluet</span> <span class='ocrx_word' id='word_1_412' title='bbox 316 3885 352 3937; x_wconf 78' lang='lat' dir='ltr'>Bc</span> <span class='ocrx_word' id='word_1_413' title='bbox 371 3905 417 3940; x_wconf 89' lang='lat' dir='ltr'>una</span> <span class='ocrx_word' id='word_1_414' title='bbox 437 3904 493 3939; x_wconf 88' lang='lat' dir='ltr'>curn</span> <span class='ocrx_word' id='word_1_415' title='bbox 511 3888 568 3940; x_wconf 90' lang='lat' dir='ltr'>edd.</span> <span class='ocrx_word' id='word_1_416' title='bbox 588 3886 643 3941; x_wconf 85' lang='lat' dir='ltr'>Col.</span> <span class='ocrx_word' id='word_1_417' title='bbox 663 3897 689 3940; x_wconf 89' lang='lat' dir='ltr'>et</span> <span class='ocrx_word' id='word_1_418' title='bbox 707 3888 773 3942; x_wconf 83' lang='lat' dir='ltr'>Med.</span> 
     </span>
    </p>
   </div>
   <div class='ocr_carea' id='block_1_17' title="bbox 119 3981 1310 4258">
    <p class='ocr_par' dir='ltr' id='par_1_17' title="bbox 119 3981 1310 4258">
     <span class='ocr_line' id='line_1_39' title="bbox 163 3981 1310 4081; baseline 0.002 -23"><span class='ocrx_word' id='word_1_419' title='bbox 163 3984 164 3987; x_wconf 67' lang='grc'>’</span> <span class='ocrx_word' id='word_1_420' title='bbox 199 4011 223 4074; x_wconf 75' lang='grc' dir='ltr'><strong>ς.</strong></span> <span class='ocrx_word' id='word_1_421' title='bbox 245 4008 286 4074; x_wconf 80' lang='lat' dir='ltr'>ta,</span> <span class='ocrx_word' id='word_1_422' title='bbox 305 4009 381 4061; x_wconf 53' lang='lat'>243.</span> <span class='ocrx_word' id='word_1_423' title='bbox 403 4014 507 4064; x_wconf 67' lang='lat' dir='ltr'>aaaron·</span> <span class='ocrx_word' id='word_1_424' title='bbox 524 4008 568 4063; x_wconf 73' lang='lat' dir='ltr'>nc.</span> <span class='ocrx_word' id='word_1_425' title='bbox 603 4011 628 4064; x_wconf 88' lang='lat' dir='ltr'>a.</span> <span class='ocrx_word' id='word_1_426' title='bbox 647 3989 745 4081; x_wconf 53' lang='grc' dir='ltr'><strong>Ἴωνα.</strong></span> <span class='ocrx_word' id='word_1_427' title='bbox 763 4010 803 4063; x_wconf 81' lang='lat' dir='ltr'>w,</span> <span class='ocrx_word' id='word_1_428' title='bbox 846 4011 871 4062; x_wconf 75' lang='lat' dir='ltr'>t.</span> <span class='ocrx_word' id='word_1_429' title='bbox 890 4013 1024 4065; x_wconf 67' lang='lat' dir='ltr'>asaroton</span> <span class='ocrx_word' id='word_1_430' title='bbox 1042 4005 1222 4073; x_wconf 56' lang='lat' dir='ltr'>nerant.</span> <span class='ocrx_word' id='word_1_431' title='bbox 1308 3981 1310 3986; x_wconf 73' lang='grc'><strong>’</strong></span> 
     </span>
     <span class='ocr_line' id='line_1_40' title="bbox 120 4095 1224 4168; baseline -0.003 -17"><span class='ocrx_word' id='word_1_432' title='bbox 120 4105 190 4151; x_wconf 66' lang='grc'><strong>111111</strong></span> <span class='ocrx_word' id='word_1_433' title='bbox 215 4095 257 4149; x_wconf 91' lang='lat' dir='ltr'>ed.</span> <span class='ocrx_word' id='word_1_434' title='bbox 287 4097 353 4149; x_wconf 82' lang='lat' dir='ltr'>ttad.</span> <span class='ocrx_word' id='word_1_435' title='bbox 398 4101 422 4149; x_wconf 81' lang='lat'>7.</span> <span class='ocrx_word' id='word_1_436' title='bbox 448 4117 501 4152; x_wconf 90' lang='lat' dir='ltr'>non</span> <span class='ocrx_word' id='word_1_437' title='bbox 521 4110 610 4168; x_wconf 65' lang='lat' dir='ltr'>&gt;potest</span> <span class='ocrx_word' id='word_1_438' title='bbox 635 4103 706 4155; x_wconf 84' lang='lat' dir='ltr'>enirn</span> <span class='ocrx_word' id='word_1_439' title='bbox 733 4097 779 4152; x_wconf 79' lang='lat' dir='ltr'>bb.</span> <span class='ocrx_word' id='word_1_440' title='bbox 817 4100 884 4153; x_wconf 87' lang='lat' dir='ltr'>Dein</span> <span class='ocrx_word' id='word_1_441' title='bbox 911 4102 999 4154; x_wconf 80' lang='lat' dir='ltr'>dicere</span> <span class='ocrx_word' id='word_1_442' title='bbox 1025 4101 1167 4152; x_wconf 78' lang='lat' dir='ltr'>membrum</span> <span class='ocrx_word' id='word_1_443' title='bbox 1192 4097 1224 4149; x_wconf 86' lang='lat' dir='ltr'>aie</span> 
     </span>
     <span class='ocr_line' id='line_1_41' title="bbox 119 4181 1222 4258; baseline -0.005 -16"><span class='ocrx_word' id='word_1_444' title='bbox 119 4188 242 4242; x_wconf 43' lang='lat' dir='ltr'>*mm</span> <span class='ocrx_word' id='word_1_445' title='bbox 259 4183 305 4238; x_wconf 79' lang='lat' dir='ltr'>bc.</span> <span class='ocrx_word' id='word_1_446' title='bbox 340 4184 557 4258; x_wconf 84' lang='lat' dir='ltr'>Praepooitionem</span> <span class='ocrx_word' id='word_1_447' title='bbox 574 4191 608 4246; x_wconf 86' lang='lat' dir='ltr'>ate</span> <span class='ocrx_word' id='word_1_448' title='bbox 624 4204 673 4242; x_wconf 88' lang='lat' dir='ltr'>ora.</span> <span class='ocrx_word' id='word_1_449' title='bbox 693 4187 769 4242; x_wconf 88' lang='lat' dir='ltr'>codd.</span> <span class='ocrx_word' id='word_1_450' title='bbox 779 4188 827 4251; x_wconf 88' lang='lat' dir='ltr'>W.</span> <span class='ocrx_word' id='word_1_451' title='bbox 845 4181 1059 4249; x_wconf 72' lang='lat' dir='ltr'>Maracanda</span> <span class='ocrx_word' id='word_1_452' title='bbox 1076 4185 1222 4239; x_wconf 84' lang='lat' dir='ltr'>aditiones·</span> 
     </span>
    </p>
   </div>
   <div class='ocr_carea' id='block_1_18' title="bbox 0 0 1356 4666">
    <p class='ocr_par' dir='ltr' id='par_1_18' title="bbox 0 0 1356 4666">
     <span class='ocr_line' id='line_1_42' title="bbox 0 0 1356 4666; baseline 0 0"><span class='ocrx_word' id='word_1_453' title='bbox 0 0 1356 4666; x_wconf 95' lang='lat' dir='ltr'> </span> 
     </span>
    </p>
   </div>
  </div>
 </body>
</html>
