2692 4666
356 353 403 407 nu
423 352 559 407 cuncus
578 333 802 407 nmrsraoaun
819 350 916 405 anun
933 350 976 406 ur.
1154 334 1215 418 'ssi

118 514 313 577 holocausta.
358 513 423 576 Hoc
445 514 517 595 igne
541 513 699 595 oportebat
721 512 897 575 sanctificari
920 511 1104 590 sacrificium,
1129 509 1220 574 ideo-

120 648 179 712 que
203 629 285 692 etin
307 627 384 690 tilios
409 627 530 705 Aaron,
552 621 580 709 ¹)
614 628 664 707 qui
694 627 820 690 alienum
850 627 950 708 ignem
973 625 1086 689 inierre
1109 625 1222 688 votue-

119 750 207 820 runt,
238 741 330 803 exivit
351 741 458 802 iterum
481 740 560 823 ignis
583 755 600 800 a
624 737 745 801 domino
769 743 799 800 et
822 739 1006 820 consumpsit
1030 755 1098 819 eos,
1128 737 1169 801 ita
1190 743 1222 800 ut

120 856 230 920 mortui
255 862 341 918 extra
364 860 462 915 castra
485 852 703 934 proicerentur.

214 964 283 1032 102.
321 967 453 1029 Veniens
478 972 575 1027 autem
590 965 757 1028 Hieremias
773 965 802 1027 in
818 965 915 1028 locum
928 961 961 1049 ²]
977 965 1090 1028 invenit
1105 964 1223 1027 domum

122 1083 153 1144 in
176 1081 296 1144 modum
319 1080 481 1162 speluncae
504 1084 534 1140 et
556 1078 779 1140 tabernaculum
804 1084 833 1140 et
862 1097 961 1141 arcam
990 1084 1019 1140 et
1049 1076 1142 1141 altare
1174 1079 1224 1141 in-

122 1195 207 1259 censi
230 1194 326 1257 intuiit
348 1193 416 1254 iiiuc
440 1199 470 1254 et
494 1191 643 1255 obstruxit
667 1193 790 1255 ostium:
815 1190 896 1273 quod
919 1211 985 1254 cum
1007 1192 1047 1270 hi,
1071 1191 1120 1273 qui
1139 1190 1226 1254 simul

124 1313 288 1385 venerant,
322 1306 468 1369 curiosius
497 1313 773 1388 perscrutarentur,
803 1314 836 1368 ut
866 1311 1004 1368 notarent
1033 1305 1089 1368 sibi
1116 1304 1225 1383 locum,

126 1438 312 1502 nequaquam
337 1418 585 1500 conprehendere
608 1426 696 1501 atque
712 1419 848 1483 invenire
863 1425 1034 1502 potuerunt.
1073 1417 1110 1481 Ut
1127 1425 1226 1481 autem

126 1534 271 1617 cognovit
298 1533 462 1595 Hieremias
493 1532 573 1614 quod
604 1533 853 1612 adfectavissent,
886 1532 975 1594 dixit:
1007 1533 1137 1613 ignotus
1168 1531 1230 1594 erit

128 1648 234 1723 loeus,
264 1646 363 1708 donec
386 1653 552 1724 congreget
574 1647 651 1727 deas
674 1646 944 1725 congregationem
961 1646 1075 1726 populi
1098 1653 1128 1706 et
1147 1663 1227 1723 pro-

123 1763 224 1843 pitr'as
244 1760 310 1839 fiat.
358 1759 444 1821 Tunc
466 1761 611 1823 dominus
632 1760 773 1823 ostendet
794 1760 889 1837 hoec,
919 1767 951 1822 et
973 1757 1140 1838 adparere
1161 1776 1227 1819 ma-

127 1875 226 1937 iestas
249 1873 376 1936 domini.

515 2071 685 2140 CAPUT
717 2069 844 2136 XVIII.

132 2236 277 2305 Superioris
297 2243 420 2300 eventus,
445 2251 475 2286 ac
499 2237 656 2303 potissimum
680 2235 760 2287 oblati
783 2235 923 2288 aNeemia
947 2237 1064 2289 sacrificii
1088 2233 1231 2287 uenatione

134 2325 251 2392 spiritum
268 2331 381 2375 sanctum
401 2320 650 2392 christianorumque
668 2324 793 2391 baptisma
812 2323 962 2391 significaris
989 2330 1015 2376 et
1038 2322 1130 2376 eodem
1155 2323 1232 2374 etiam

257 2408 352 2476 Moysis
371 2417 398 2461 et
415 2408 506 2462 Heliae
525 2411 676 2462 sucrificium
695 2419 771 2479 etque
789 2410 919 2463 historiam
937 2411 995 2464 Noe
1012 2410 1114 2463 reierri.

228 2547 297 2614 103.
350 2549 622 2636 congregationem
659 2553 762 2634 popuii
798 2560 951 2632 tenemus,
992 2551 1233 2635 propitiationem

136 2662 249 2726 domini
271 2663 320 2727 dei
342 2666 437 2728 nostri
459 2667 667 2749 agnoscimus,
699 2686 786 2749 quam
809 2666 984 2748 propitiator
1012 2666 1043 2728 in
1073 2682 1126 2728 sua
1154 2668 1234 2745 ope*-

135 2783 220 2839 ratus
243 2783 288 2839 est
309 2778 459 2860 passione.
507 2776 649 2840 Arbitror
671 2777 751 2860 quod
774 2796 831 2840 nec
852 2778 953 2861 ignem
975 2780 1062 2841 istum
1084 2776 1234 2860 possimus

135 2887 294 2970 ignorare,
318 2904 384 2950 cum
406 2888 584 2973 legerimus,
608 2889 676 2969 quia
699 2890 828 2972 baptizat
851 2889 986 2954 dominus
1009 2889 1093 2954 iesus
1115 2891 1146 2952 in
1169 2889 1235 2972 spi-

135 3000 194 3062 ritu
217 3005 321 3063 sancto
345 3006 376 3062 et
396 3001 475 3084 igni,
505 3001 582 3063 sicut
604 3001 635 3061 in
658 3000 817 3083 evangetio
839 2999 914 3063 dixit
936 3001 1073 3065 Ioannes.
1087 2997 1122 3084 .³)
1166 2998 1236 3062 Ite-
1315 3054 1318 3059 .

136 3111 195 3175 rito
219 3113 450 3175 consumebatur
472 3112 658 3191 sacrificium,
681 3114 820 3193 quoniam
842 3132 899 3197 pro
921 3121 1046 3196 peccato
1071 3120 1144 3176 erat.
1184 3111 1236 3174 iiie

136 3230 236 3287 autem
265 3224 344 3307 iguis
374 3233 462 3308 typus
492 3227 611 3308 spiritus
640 3226 735 3287 sancti
765 3226 835 3305 tuit,
867 3227 918 3307 qui
947 3226 1148 3290 descensurus
1172 3230 1239 3288 erat

136 3340 207 3415 post
229 3333 340 3399 domini
362 3339 569 3400 ascensionem
593 3343 622 3399 et
642 3336 824 3400 remissurus
852 3345 975 3418 peccata
1006 3339 1154 3416 omnium,
1186 3336 1237 3417 qui

137 3447 224 3528 quasi
256 3447 335 3530 iguis
367 3447 527 3511 inflammat
558 3450 686 3518 animum
710 3465 745 3509 ac
768 3453 897 3510 mentem
918 3446 1045 3511 fidelem.
1090 3445 1174 3510 Unde
1197 3447 1237 3508 ait

137 3558 303 3623 Hieremias
325 3568 450 3643 accepto
474 3562 595 3643 spiritu:
611 3556 644 3645 ⁴)
668 3560 708 3622 Et
726 3559 846 3638 fuctum
868 3567 916 3623 eet
936 3561 971 3622 in
995 3561 1091 3623 corde
1113 3576 1180 3621 meo
1203 3562 1240 3619 at

137 3672 223 3754 mois
253 3674 389 3751 ordene,
421 3671 653 3754 flammigerans
678 3673 713 3734 in
739 3672 866 3736 occides
888 3673 982 3749 meis,
1013 3679 1044 3734 et
1064 3671 1238 3734 dissolutus

137 3806 208 3850 aum
227 3789 384 3870 undique,
417 3794 448 3850 et
473 3788 560 3866 ferre
587 3802 653 3850 aon
678 3802 813 3867 possam.
857 3785 917 3852 Sed
946 3786 1034 3849 etiam
1062 3783 1092 3846 in
1124 3783 1238 3846 actibus

213 4051 242 4118 1)
258 4051 339 4106 Issit
358 4051 399 4118 1⁰,
418 4051 443 4106 1.
479 4050 853 4122 spatiamentum.
892 4040 925 4118 ’3)
945 4053 971 4118 1,
990 4051 1032 4106 33.
1077 4054 1107 4119 4)
1125 4051 1238 4106 hierem.

137 4139 184 4207 ao,
202 4138 228 4193 s.

956 4233 1031 4300 14·
