2692 4666
382 314 429 369 DE
448 313 584 369 omens
602 313 826 368 HHHSTROHUH
843 312 942 368 LIBER
958 314 989 367 tt
1176 314 1238 381 157

228 473 299 542 100.
343 475 469 540 Pulchra
499 477 600 556 itaque
632 474 739 557 copula
769 475 922 538 seniorum
945 481 1035 555 atque
1056 473 1240 537 adulescen-

134 591 218 665 tium.
262 589 321 652 Alii
350 587 540 667 testimonio,
572 586 622 650 alii
643 586 756 648 solacio
779 592 866 664 sunt,
896 585 944 648 alii
971 586 1164 670 magisterio,
1191 585 1240 649 alii

132 674 336 769 detestationi
376 702 486 766 Omitto
510 701 590 783 quod
605 700 745 764 Abrabae
768 701 901 763 adhaesit
916 700 973 764 Lot
995 699 1239 764 adulescentulus

137 818 225 880 stiam
246 815 464 898 proficiscenti,
483 811 512 898 ¹)
536 833 574 877 ne
598 813 676 876 forte
698 814 756 878 boc
778 813 1005 895 propinquitatis
1028 814 1123 896 magis
1147 812 1240 876 fuisse

137 931 324 994 existimetur
348 935 379 992 et
397 929 588 991 necessariae
610 928 726 1008 potius,
748 945 836 1008 quarn
858 927 1043 990 voluntariae
1066 926 1238 990 adiunctio-

136 1044 192 1107 nis.
237 1042 313 1116 Ouid
345 1042 458 1104 Heliam
487 1048 577 1122 atque
599 1040 767 1104 Helisaeum
790 1034 975 1120 loquamur?
992 1036 1025 1121 ²)
1068 1038 1154 1102 Licet
1176 1056 1239 1102 non

137 1172 285 1239 expresse
316 1155 485 1220 Helisaeum
520 1155 658 1216 iuvenem
689 1153 836 1233 scriptura
866 1153 1095 1236 significaverit,
1126 1151 1239 1214 adver-

135 1254 226 1331 arins
252 1271 350 1328 tamen
382 1271 411 1326 et
441 1263 609 1346 colligimus
640 1264 786 1326 iuniorem
814 1262 917 1326 inisse.
964 1263 996 1325 ln
1019 1263 1134 1326 actibus
1162 1281 1240 1347 apo·

136 1379 282 1443 stolorum
298 1375 330 1460 ³)
353 1377 503 1440 Barnabas
526 1376 656 1438 Marcum
679 1376 851 1458 adsumpsit,
881 1375 989 1439 Paulus
1013 1376 1111 1457 Silam,
1132 1377 1240 1442 Pauus

137 1491 341 1570 Timotheum,
362 1489 469 1553 Paulus
492 1490 597 1551 Titum.

228 1600 299 1666 101.
343 1602 404 1668 Sed
434 1600 491 1663 illis
521 1601 728 1682 superioribus
761 1600 897 1664 videmus
929 1600 1024 1664 divisa
1057 1601 1171 1681 officia,
1208 1609 1242 1665 ut

136 1716 276 1780 seniores
299 1710 424 1779 odnsilio
447 1713 674 1795 praevalerent,
696 1713 831 1777 iuniores
853 1713 1027 1778 ministerio.
1064 1714 1241 1829 Plerumque

136 1830 226 1893 etiam
241 1828 398 1892 virtutibus
413 1844 513 1909 pares,
536 1826 671 1907 dispares
686 1827 841 1906 aetatibus,
859 1845 906 1890 sur
898 1826 1109 1890 delectantur
1122 1811 1250 1909 copula,¹

137 1940 217 2003 sieut
231 1938 453 2002 delectabantur
466 1937 572 2000 Petrus
592 1944 622 1999 et
637 1935 773 2000 loannes
819 1936 893 1999 Nam
916 1937 1138 2001 adulescentem
1159 1939 1240 2023 legi-

138 2069 205 2114 mus
227 2051 259 2114 in
281 2050 439 2133 evangelio
461 2049 602 2112 loannem
625 2055 656 2112 et
677 2066 732 2110 sua
755 2066 849 2127 voce,
879 2048 951 2112 lieet
980 2051 1093 2113 meritis
1127 2059 1157 2114 et
1186 2069 1240 2115 sa-

137 2162 250 2246 pientia
266 2163 338 2225 nulli
356 2162 446 2225 fuerit
464 2163 617 2226 seniorum
634 2162 803 2239 secundus3
827 2164 984 2226 eratenim
1000 2165 1030 2226 in
1046 2183 1084 2227 eo
1100 2171 1241 2244 senectus

138 2275 321 2339 venerabilis
344 2293 460 2338 morum
483 2281 514 2337 et
545 2294 619 2338 cana
648 2260 814 2358 illidentia.
859 2276 937 2339 Vita-
954 2277 1034 2340 enirn
1065 2270 1242 2340 inmaculata

138 2391 240 2453 bonae
261 2386 425 2450 senectutis
453 2385 630 2466 stipendium
653 2391 707 2449 est.

540 2566 711 2631 CAPUT
747 2565 841 2630 XXI.

139 2701 276 2757 Plurimum
295 2694 391 2755 'valere
417 2704 452 2764 ed
480 2702 743 2768 commendationem,
771 2705 792 2756 si
815 2701 937 2754 defendas
962 2702 1072 2755 infirmos
1099 2707 1142 2753 aut
1156 2696 1241 2768 ¹pere-

139 2791 227 2858 grinos
244 2791 366 2857 suscipias
389 2786 512 2843 meave
536 2788 618 2841 officia
643 2789 780 2853 exhibeas,
803 2796 829 2840 et
847 2787 896 2839 boc
916 2789 1024 2840 maxime
1042 2789 1102 2841 viris
1120 2787 1242 2856 probatis.

139 2872 190 2926 ttbi
209 2875 301 2926 iniecta
319 2864 645 2943 avantidel'vtmperations
664 2877 823 2944 potissimum
841 2873 1008 2944 prodigalitas
1026 2875 1051 2927 in
1066 2874 1243 2931 sacerdotibus

610 2962 767 3030 inprobatur.

232 3071 302 3139 102.
348 3072 478 3137 Adiuvat
501 3074 559 3137 boc
582 3092 703 3156 quoque
719 3076 755 3138 ad
778 3075 945 3159 proiectum
967 3074 1065 3140 bonae
1088 3072 1243 3138 existima-

141 3188 241 3267 tionis,
263 3188 289 3250 si
305 3186 342 3249 de
357 3189 488 3268 potentis
510 3188 644 3251 manibus
668 3189 777 3270 eripias
793 3190 924 3270 inopem,
947 3187 986 3251 de
1005 3194 1102 3250 morte
1118 3186 1244 3249 damna-

140 3305 202 3362 tum
218 3316 317 3380 eruas,
340 3306 480 3380 quantum
496 3300 561 3362 sine
580 3300 804 3382 perturbatione
819 3300 885 3364 lieri
898 3305 1008 3381 potest,
1030 3316 1070 3361 ne
1091 3297 1243 3361 videamur

140 3412 297 3475 iactantiae
324 3411 419 3495 magis
449 3428 539 3476 causa
562 3411 663 3476 iacere
685 3429 773 3492 quam
794 3410 1019 3475 misericordiae
1050 3417 1081 3472 et
1102 3410 1244 3494 g‘raviora

140 3522 257 3586 inferre
279 3522 418 3602 vulnera,
453 3521 522 3587 dum
544 3524 706 3587 levioribus
736 3522 850 3585 mederi
878 3520 1091 3587 desideramus.
1135 3521 1196 3584 lam
1218 3522 1245 3586 si

136 3640 321 3716 oppressum
350 3635 457 3715 opibus
486 3635 616 3717 potentis
638 3642 670 3697 et
691 3634 821 3698 factione
852 3634 967 3717 magis,
1001 3654 1088 3716 quam
1119 3632 1243 3699 sceleris

141 3748 190 3810 sui
213 3747 311 3829 pretio
334 3752 489 3830 gravatum
510 3746 704 3826 liberaveris,
728 3744 873 3829 egregiae
890 3743 1073 3823 convalescit
1095 3743 1244 3828 opinionis

142 3858 352 3923 testimonium.

215 4097 244 4161 1)
263 4097 354 4152 Gcncs.
375 4098 419 4166 12,
437 4099 461 4153 t.
533 4100 563 4170 2)
583 4099 607 4154 3.
627 4100 690 4171 itaq.
712 4100 754 4168 19,
774 4101 815 4156 21.
887 4098 915 4166 3)
933 4099 991 4154 Act.
1012 4100 1045 4154 ta
1062 4108 1089 4153 et
1107 4099 1167 4155 atib.
