2692 4666
168 305 231 367 296
429 262 434 268 ⁰
590 299 844 352 concretiones

166 463 276 533 supplet.
315 459 376 511 Post
393 461 518 528 qttomorto
537 457 571 508 tta
589 472 640 509 otu.
658 460 734 511 erim.
782 459 805 509 t.
825 462 932 513 diabulo
951 458 990 510 W.
1027 459 1112 512 Verba
1134 462 1263 528 proxime:

168 553 302 621 Quomodo
330 549 439 617 rapieris
466 547 559 598 arri-ue
591 574 620 583 -
649 573 682 581 -
708 555 784 615 atque
808 550 954 622 perfectum
981 549 1006 597 iu
1032 563 1083 614 rog.
1110 545 1191 598 habet
1214 546 1261 597 111.

168 641 193 691 5.
223 647 252 693 ut
280 638 411 690 animm
441 631 501 684 ient
532 631 571 683 W.
602 631 687 701 Moetg
717 641 743 683 et
774 631 857 697 Bebe3
891 635 925 685 ite
954 650 992 702 pr.
1023 636 1099 686 etium
1131 634 1186 700 11ιι,
1220 635 1263 686 ubi

166 736 196 781 ut
213 725 309 794 'postea
334 736 441 774 erasum.
480 723 581 772 ,terias
608 719 727 771 scribitur
755 721 779 770 in
807 719 870 770 ttct.
908 720 974 773 Deio
1001 726 1058 778 vait
1085 737 1132 789 pro
1159 726 1281 779 ereverit

168 814 279 878 tmoaoit
302 809 355 879 ttg)
382 817 514 875 receptum
540 825 556 859 e
580 806 620 857 W.
663 807 856 876 Intelligendum
883 813 979 880 macie.
1018 809 1085 862 tto·
1100 815 1262 866 Remebora.

70 924 73 929 ·
167 897 276 951 (iremus.
289 897 343 949 Lat.
354 899 388 962 .§.
404 895 461 948 151.
475 894 503 948 Β.
523 894 582 946 Not.
595 894 619 946 3.
659 895 749 946 Noster
767 895 785 947 1.
802 895 845 947 tt.
865 900 889 963 §.
903 895 963 949 205.
982 913 1007 964 p.
1023 897 1087 949 tot:
1106 900 1178 965 Quid
1196 901 1265 967 quod

168 989 299 1040 inlustres
325 993 350 1038 et
371 994 540 1054 praeeuntes
566 987 621 1038 oiri
646 987 840 1054 discipulorum
866 989 1069 1055 certaminibus,
1099 1005 1177 1055 quara
1201 989 1263 1040 eois

167 1072 301 1128 oiaeaati
336 1071 361 1124 t.
380 1071 446 1123 tote
463 1074 584 1126 marcion
602 1075 723 1139 (marcore
741 1068 787 1135 Be,
806 1077 920 1127 martion
939 1072 1058 1148 biabcdei
1073 1082 1099 1126 et
1118 1072 1167 1140 Be)
1188 1073 1217 1124 W
1238 1082 1263 1122 et

168 1160 237 1213 otho
255 1158 446 1224 inferciuntur,
464 1159 531 1228 quod
550 1158 632 1210 iubis
652 1175 750 1211 cresum
770 1167 815 1210 est.
852 1158 920 1211 Deio
937 1170 963 1215 et
980 1175 1028 1227 pro
1045 1170 1120 1230 atque
1138 1157 1183 1211 tta.
1213 1158 1264 1209 Pro

167 1252 278 1314 maiust,
301 1246 368 1315 quod
389 1254 472 1299 exstet
488 1248 514 1299 in
536 1246 595 1298 edd.
616 1245 673 1298 Coi.
693 1244 795 1298 Ametb.
815 1248 958 1315 ceterisque
977 1247 1169 1311 recentioribus,
1187 1247 1212 1297 in
1231 1245 1262 1296 W

166 1333 286 1387 scribitur
302 1337 389 1405 saepia
406 1337 475 1402 euti,
493 1337 597 1389 maeuii
615 1336 640 1384 in
658 1332 713 1385 rell.
732 1342 759 1384 et
778 1333 819 1384 ed.
834 1334 900 1386 Med.
932 1334 1029 1388 ideireo
1047 1335 1184 1404 legendum
1203 1334 1263 1384 mibi

166 1424 270 1474 ridetur
287 1425 355 1487 eati,
373 1429 402 1473 ot
419 1437 509 1490 supra3
527 1421 673 1489 perstringit
691 1421 758 1472 enim
777 1421 926 1474 Ambrosius
943 1421 984 1473 bis
1001 1421 1086 1474 verbis
1104 1423 1262 1490 potissimum

166 1524 325 1578 bonomiam.
368 1524 497 1594 Deinceps
520 1507 583 1581 ιὶῘιι-ιι
605 1531 704 1582 statam
728 1524 865 1595 perperam
888 1526 1075 1580 codd.‘omues
1100 1527 1264 1594 conspirante

166 1613 279 1665 editione
298 1610 352 1664 cot.
390 1612 415 1664 9.
434 1617 503 1667 euim
520 1629 571 1665 out.
590 1610 651 1666 Bob.
690 1613 730 1665 11.
750 1616 860 1667 dicendo
879 1613 954 1666 codd.
968 1613 1007 1665 W.
1022 1614 1135 1665 dionaeo.
1155 1621 1181 1663 ot
1200 1611 1262 1674 Ebc,

164 1703 224 1751 item
242 1699 302 1751 edd.
315 1713 403 1752 omnes
416 1701 530 1768 exceptis
543 1699 609 1752 ttet.
625 1700 702 1752 bicor.
717 1698 869 1770 etque'Gilb.
900 1700 927 1753 ln
940 1717 1009 1770 seqq.
1021 1703 1135 1771 pretinm
1147 1702 1173 1754 ei
1184 1699 1261 1766 ttttg.

235 1807 259 1870 §.
281 1803 346 1869 118,
368 1805 390 1854 1.
416 1808 502 1859 Primi
519 1804 551 1856 W
575 1813 602 1857 et
619 1803 690 1858 Babe
713 1822 736 1858 e.
756 1805 815 1857 edd.
836 1802 890 1857 cot.
910 1804 975 1858 oet.
996 1805 1066 1858 Rom.
1087 1805 1165 1858 Maur.
1187 1802 1262 1866 otto,

161 1894 279 1961 primam
304 1892 380 1943 codd.
400 1900 426 1944 et
447 1890 505 1942 edd.
525 1890 580 1942 reti.
624 1891 648 1943 2.
669 1902 792 1945 dorostoro
810 1889 854 1944 Ba.
892 1891 956 1944 Deio
974 1895 1083 1947 abraam
1100 1890 1145 1943 bo.
1191 1891 1216 1942 3.
1237 1900 1261 1942 rt

164 1983 325 2034 aaiomooem
344 1978 388 2044 tta,
408 1982 567 2034 salemonem
586 1978 685 2048 Mbcdg.
723 1977 784 2030 Tum
802 1996 848 2047 pto
868 1983 958 2033 deiude
975 1982 1107 2033 iustitiam
1122 1976 1155 2027 W
1173 1977 1261 2028 mutiie

165 2071 196 2121 de
222 2071 370 2134 iustitiam,
399 2067 468 2135 quod
497 2068 521 2118 io
549 2067 661 2119 ttonace.
688 2068 841 2119 immutatum
869 2077 909 2118 est
935 2070 961 2118 iu
987 2070 1018 2121 de
1043 2070 1157 2121 iustitia.
1200 2064 1264 2116 Post

164 2165 293 2224 spectare,
312 2156 383 2205 cuius
402 2153 462 2205 loco
479 2152 550 2206 Bnbo
567 2153 684 2207 sollemni
703 2153 853 2205 confusione
873 2154 966 2206 hebent
983 2164 1123 2224 expectare
1142 2153 1207 2216 (vid.
1228 2153 1260 2204 od

163 2244 181 2294 1.
202 2244 226 2295 1.
248 2244 271 2307 §.
292 2241 316 2307 1,
335 2242 386 2306 4.),
406 2244 544 2311 diepmare
562 2240 599 2306 (io
620 2257 670 2309 mg.
689 2240 722 2292 ab
741 2241 772 2293 ei.
792 2247 837 2307 m.)
859 2242 909 2312 tte,
928 2245 953 2294 in
973 2242 1011 2294 11ι
1032 2242 1202 2310 superscripta
1222 2249 1262 2291 est

163 2331 198 2400 pt.
213 2333 316 2401 potuit,
345 2344 409 2397 queo
432 2329 457 2379 in
483 2330 575 2381 ceteris
594 2328 708 2380 Menoec.
736 2337 830 2381 textum
856 2332 1006 2398 occupavit,
1032 2327 1075 2379 ubi
1100 2327 1165 2380 boso
1181 2327 1261 2378 verbs

164 2434 221 2470 eum
240 2416 413 2486 praecedente
430 2418 492 2484 qaia
511 2416 656 2484 iunguntur.
693 2403 717 2466 5.
738 2426 824 2471 maaet
841 2420 870 2471 ia
886 2421 1007 2472 cerritum
1021 2415 1064 2467 tte.
1101 2415 1125 2466 o.
1139 2417 1262 2485 Sapienti

76 2541 80 2549 -
112 2495 114 2499 ¹
163 2515 189 2558 et
206 2509 278 2556 itteto
296 2498 368 2556 totas
385 2505 502 2555 muudus
527 2505 681 2556 divitiarum
705 2503 760 2570 eet]
789 2503 848 2555 Sine
872 2520 947 2555 eausa
972 2504 1112 2572 suspicatur
1132 2505 1261 2556 Rartbiae

163 2593 180 2643 1.
196 2609 217 2643 c.
239 2589 347 2641 delitere
365 2590 448 2640 minus
466 2590 583 2640 usitatum
601 2605 691 2641 vocem
711 2594 887 2658 divitiarium,
908 2591 1001 2643 simiiie
1017 2590 1092 2642 muita
1107 2604 1259 2658 congerens.

163 2680 284 2747 Respexit
305 2681 370 2729 enim
390 2675 481 2729 Noster
498 2675 620 2728 Proveob.
640 2677 713 2730 XVH.
735 2678 777 2729 6.:
806 2680 856 2728 Τοῦ
878 2683 965 2728 πιστοῦ
988 2677 1041 2735 ὅλος
1064 2674 1079 2727 o‘
1101 2675 1189 2740 κόσμος
1211 2678 1260 2725 τῶν

163 2765 294 2833 χρημάτων
312 2763 428 2832 pluribus
447 2764 509 2815 locis
529 2765 609 2830 (coni.
629 2764 658 2816 11.
681 2767 720 2818 tt.
740 2769 764 2832 §.
784 2766 843 2832 ott,
870 2767 902 2819 de
922 2765 1049 2818 Abrabam
1068 2765 1097 2818 tt.
1118 2765 1142 2814 t.
1163 2767 1187 2831 §.
1206 2765 1259 2828 37.,

164 2853 197 2906 de
215 2852 295 2906 Jacob
315 2861 341 2904 ot
358 2853 407 2903 vita
429 2853 502 2904 besta
520 2851 538 2902 t.
560 2852 585 2902 8.
605 2856 630 2919 s.
645 2853 698 2918 37,
718 2855 751 2905 de
770 2852 889 2906 Nobutbe
907 2853 1039 2906 iezraelita
1059 2869 1081 2904 c.
1097 2853 1137 2903 12.
1158 2855 1181 2918 §.
1196 2850 1259 2915 50.).

164 2934 219 2992 Vid.
239 2943 355 2993 Gronov.
375 2936 519 2992 Observatt.
538 2941 563 2990 in
585 2939 649 2991 ceci.
668 2959 693 3010 p.
707 2941 767 2992 692.
805 2943 829 2993 7.
850 2945 1005 2996 Communia
1021 2959 1071 3012 pro
1089 2943 1151 2995 saie
1168 2942 1261 2994 iaetus

163 3032 236 3083 itabat
259 3028 360 3078 inverso
382 3026 520 3078 verborum
538 3028 626 3080 ordine
644 3030 731 3082 scribit
749 3028 794 3081 Be.
838 3029 862 3080 8.
881 3032 961 3098 priua
980 3047 1057 3100 poam
1076 3026 1131 3079 ttab
1151 3023 1258 3094 cissae,

82 3146 88 3156 ι
162 3117 253 3185 pitorio
271 3132 348 3183 quam
365 3114 413 3165 Mc.
460 3113 500 3166 10.
527 3134 604 3185 quum
626 3119 729 3171 iuattam
752 3121 876 3171 abrabam
901 3125 1059 3187 susceperat
1082 3119 1111 3169 irs
1128 3123 1261 3169 emtectuta

162 3206 246 3273 filium
264 3201 311 3266 W3
340 3205 465 3257 abrabam
489 3205 691 3271 superscriptum
715 3205 741 3256 in
761 3204 817 3269 Me,
845 3208 967 3271 abraam,
998 3211 1026 3254 ot
1042 3203 1124 3269 solet,
1156 3205 1198 3255 det
1216 3200 1259 3252 Bc.

111 3347 112 3351 ἵ
166 3288 230 3341 Dein
248 3292 449 3360 susceperatis
467 3299 615 3358 retractate,
642 3298 670 3342 ut
689 3291 736 3358 W,
759 3290 1057 3356 attentioribus,
1081 3295 1111 3344 irc
1128 3301 1262 3345 senectute

164 3381 284 3446 ercacepit
301 3375 367 3428 Met.
448 3435 463 3470 ⁸

229 3483 258 3546 '§.
280 3480 343 3545 119,
363 3483 387 3532 4.
412 3485 552 3553 adpetitum
570 3481 614 3535 Bo.
661 3485 686 3535 5.
710 3489 881 3555 temptabatur
905 3485 979 3537 codd.
1000 3501 1088 3536 ontues
1106 3488 1259 3551 veteresque

165 3566 222 3621 edd.
242 3583 289 3636 pro
309 3573 464 3623 temtabatur.

269 3670 296 3724 P.
315 3671 358 3723 73.
444 3717 448 3725 .

238 3761 259 3812 1.
280 3763 429 3830 depellebat
449 3761 493 3816 tta.
531 3764 630 3817 Verbo:
656 3768 834 3836 conprimebat
854 3774 964 3834 paterna
987 3767 1094 3818 eiecere
1101 3802 1109 3831 ‚
1137 3766 1193 3818 sed
1207 3780 1260 3816 aas

164 3850 297 3902 missitabat
327 3851 505 3918 devotiorem,
536 3859 627 3919 utpote
658 3853 682 3903 in
714 3853 805 3904 ordine
836 3854 944 3918 omisso,
977 3851 1008 3902 W
1037 3854 1061 3904 in
1093 3868 1142 3920 mg.
1174 3852 1259 3902 babet.

165 3934 190 3985 2.
211 3937 312 3989 ntccidit
331 3933 375 3986 Be.
413 3936 438 3987 3.
458 3941 666 4007 temperantiam
686 3939 810 4007 (preebxo
830 3941 936 4007 puncto)
958 3943 1058 3994 terrebat
1075 3928 1166 3994 iaetus
1184 3937 1258 3989 codd

166 4021 279 4074 Honore.
299 4031 325 4074 et
344 4022 405 4075 Bab.
443 4025 467 4075 1.
489 4025 537 4076 Pro
557 4030 666 4096 denique
685 4027 715 4076 W
734 4029 765 4081 de
783 4030 886 4096 quibas·
924 4026 947 4078 6.
969 4030 1126 4082 immoioedo
1143 4024 1189 4078 Bc.

235 4132 258 4193 §.
282 4128 340 4194 120,
359 4131 381 4184 1.
405 4116 466 4187 diosa
484 4136 549 4186 sidit
568 4132 642 4184 codd
663 4132 775 4184 Menoec.
796 4139 822 4184 et
840 4131 881 4187 ed.
903 4131 968 4184 ttae
1013 4133 1038 4184 2.
1058 4133 1258 4186 benedictionem
