2692 4666
375 338 421 392 DE
441 334 582 396 omittis
596 335 818 392 nmrsraoattm
835 335 932 393 tmen
948 337 968 393 l.
1153 339 1211 403 111

217 497 289 568 228.
335 500 447 564 Caveat
475 500 562 564 etiam
593 507 689 563 motus
719 500 807 563 animi
832 501 892 577 sai3
922 500 987 582 ipsc
1010 498 1088 562 enim
1111 497 1218 561 sibiet

127 615 336 682 observandus
359 623 389 680 et
412 613 692 696 circumspiciendus
716 620 831 693 estet,
861 620 893 677 ut
914 612 1070 676 adversum
1101 629 1135 675 se
1163 629 1217 675 ca-

129 732 261 812 vendus,
283 732 322 795 ita
345 732 432 795 etiam
455 730 493 793 de
515 749 550 794 se
573 730 709 793 tuendus.
755 728 829 795 Sunt
851 731 927 793 enim
950 735 1063 807 motos,
1094 731 1125 793 in
1148 731 1218 811 qai-

124 849 181 912 bus
205 853 250 911 est
275 848 421 930 appetitus
448 846 515 926 ille,
548 846 599 928 qui
628 847 712 927 quasi
741 843 869 926 quodam
898 845 1062 926 prorumpit
1090 844 1217 926 impetu3

123 962 206 1026 unde
229 960 344 1026 Graece
375 951 455 1046 ὁρμὴ
480 960 602 1040 dicitur,
632 959 712 1041 quod
736 962 766 1023 ui
788 958 912 1041 quadam
935 976 968 1021 se
991 965 1116 1041 repente
1141 975 1218 1041 pro-

123 1076 219 1158 ripiat.
265 1074 332 1138 Non
354 1072 513 1139 mediocris
529 1073 559 1136 in
574 1074 621 1136 his
640 1075 685 1136 vis
708 1073 853 1155 quaedam
875 1073 963 1135 animi
985 1078 1074 1153 atque
1094 1079 1218 1134 naturae

124 1195 180 1253 est.
226 1189 310 1264 Quae
331 1196 430 1251 mmen
452 1188 498 1250 vis
521 1189 639 1272 gemina
667 1195 728 1267 est,
760 1206 819 1251 una
841 1188 872 1250 in
894 1187 1042 1269 appetitu,
1074 1185 1165 1249 altera
1187 1182 1218 1248 in

123 1305 241 1367 ratione
269 1303 381 1386 posita,
416 1320 494 1383 quae
527 1303 686 1386 appetitum
719 1301 853 1365 refrenet
882 1308 912 1364 et
942 1301 999 1365 sibi
1029 1299 1218 1388 obedientem

121 1422 255 1499 praestet
290 1426 319 1480 et
351 1417 436 1480 ducat
470 1436 529 1498 quo
565 1418 636 1481 velit
670 1425 699 1480 et
731 1425 878 1498 tamquam
908 1415 1013 1479 sedulo
1046 1413 1217 1496 magisterio

123 1530 251 1595 edoceat
279 1528 351 1611 quid
384 1527 465 1609 fieri,
491 1529 560 1611 quid
584 1532 689 1592 evitari
712 1534 868 1612 oporteat,
898 1535 930 1591 ut
952 1528 1049 1591 bonae
1073 1526 1218 1590 domitrici

123 1642 318 1723 obtemperet.

212 1751 285 1820 229.
330 1754 453 1821 Solliciti
483 1755 561 1816 euim
591 1753 733 1818 debemus
758 1773 843 1834 esse,
873 1754 1005 1837 nequid
1031 1762 1218 1818 temereaut

123 1871 275 1935 incuriose
302 1887 461 1954 geramus,
492 1877 542 1932 aut
565 1868 723 1951 quidquam
753 1869 890 1949 omniuo,
922 1869 1005 1932 cuius
1036 1868 1217 1951 probabilem

121 2004 185 2050 non
206 1985 354 2067 possimus
376 1985 522 2047 rationem
544 1981 681 2046 reddere.
726 1982 820 2046 Actus
837 1983 915 2045 enim
930 1982 1027 2045 nostri
1041 2000 1130 2045 causa
1146 1986 1177 2043 ct
1190 1980 1216 2044 si
1324 2059 1330 2073 .

123 2116 186 2161 non
219 2096 355 2162 omnibus
386 2095 538 2175 redditur,
572 2095 728 2159 tamenab
752 2096 887 2158 omnibus
916 2095 1107 2158 examinatur.
1152 2095 1216 2158 Nec

122 2228 196 2275 vero
219 2209 379 2288 habemus,
411 2209 440 2271 in
463 2229 522 2292 quo
545 2228 602 2274 noa
626 2211 775 2293 possimus
798 2230 953 2275 excusare.
997 2211 1070 2276 Nam
1093 2215 1147 2276 etsi
1171 2216 1216 2277 vis

122 2324 267 2407 quaedam
290 2331 412 2387 natmae
436 2326 464 2385 in
489 2327 567 2387 omni
598 2326 727 2408 appetitu
750 2325 805 2406 sit,
837 2334 934 2389 tamen
964 2324 1040 2389 idem
1070 2328 1215 2410 appetitus

121 2439 231 2502 rationi
260 2439 411 2502 subiectus
440 2445 485 2502 est
507 2441 577 2522 lege
608 2446 730 2502 naturae
760 2441 853 2522 ipsius
876 2446 905 2503 et
928 2440 1029 2502 obedit
1050 2440 1086 2502 ei.
1132 2439 1217 2504 Unde

122 2552 195 2614 boni
217 2551 413 2632 speculatoris
438 2558 483 2615 est
499 2553 537 2614 ita
552 2551 752 2633 praetendere
774 2552 880 2630 animo,
902 2559 934 2614 ut
949 2554 1096 2634 appetitus
1116 2570 1217 2637 neque

123 2673 301 2748 praecurrat
322 2665 477 2742 rationem,
499 2682 598 2745 neque
620 2664 748 2744 deserat,
771 2683 810 2726 ne
824 2664 1045 2747 praecurrendo
1063 2669 1217 2747 perturbet

125 2785 215 2860 atque
238 2779 377 2843 excludat
399 2794 524 2859 eamque
547 2777 717 2842 deserendo
747 2779 892 2842 destituat.
937 2779 1120 2844 Pertmbatio
1143 2781 1217 2846 tollit

122 2893 328 2973 constantiam,
352 2891 504 2956 destitutio
519 2892 619 2974 prodit
634 2894 790 2978 ignaviam,
813 2902 934 2957 accusat
947 2893 1103 2977 pigritiam.
1139 2896 1216 2960 Per-

120 3007 239 3075 turbata
268 3006 344 3070 euim
375 3015 474 3069 mente
504 3007 592 3068 latius
623 3025 657 3069 se
679 3026 715 3070 ac
740 3008 859 3092 longius
890 2990 1013 3089 tundit*v
1013 3010 1157 3092 appetitus
1187 3015 1217 3073 et

121 3127 268 3202 umquam
300 3120 424 3184 efferato
459 3122 569 3202 impetu
601 3120 705 3186 frenos
738 3124 862 3186 rationis
894 3140 954 3186 non
987 3098 1126 3207 suscipit,
1159 3143 1216 3188 nec

121 3232 182 3298 ulla
203 3235 294 3297 sentit
316 3234 438 3319 aurigae
469 3235 687 3315 moderamina,
719 3236 942 3319 quibuspossit
964 3235 1087 3300 reflecti.
1131 3236 1238 3331 Unde,

120 3346 298 3431 pierumque
319 3366 382 3413 non
404 3348 499 3414 solum
523 3350 638 3413 animus
662 3352 847 3434 exagitatur,
874 3350 1012 3414 amittitur
1032 3353 1129 3432 ratio,
1161 3351 1215 3416 sed

122 3461 213 3524 εῑίεω
244 3458 438 3524 inflammatur
469 3462 568 3526 vultus
591 3462 640 3524 vel
663 3462 813 3525 iracundia
836 3462 885 3526 vel
910 3462 1049 3546 libidine,
1081 3464 1216 3548 pallescit

122 3575 244 3655 timore,
268 3575 420 3658 voluptate
442 3595 478 3642 se
500 3595 559 3640 uon
583 3577 659 3659 capit
682 3584 712 3639 et
734 3578 822 3640 nimia
844 3579 934 3661 gestit
954 3579 1071 3643 laetitia.

210 3686 283 3754 230.
327 3692 408 3755 Haec
439 3711 504 3756 cum
538 3691 625 3771 fiunt,
661 3693 784 3755 abicitur
815 3692 864 3757 illa
894 3693 1035 3757 naturalis
1072 3693 1215 3776 quaedam

122 3821 249 3868 censura
275 3804 467 3889 gravitasque
497 3820 627 3883 morum,
659 3821 717 3866 neo
741 3805 837 3866 teneri
866 3808 967 3887 potest
990 3804 1054 3882 itta,
1086 3823 1161 3887 quac
1184 3805 1215 3869 in

122 3916 214 3979 rebus
245 3914 386 3998 gerendis
416 3919 504 3995 atque
535 3914 666 3978 consitiis
688 3915 753 3979 sola
775 3922 874 3998 potest
904 3918 1107 3982 auctoritatem
1131 3936 1215 3985 suam

122 4034 212 4111 atque
232 4026 322 4109 illud,
345 4026 425 4111 quod
448 4026 555 4090 deccat
579 4033 703 4108 tenere,
726 4029 898 4093 constantia.

211 4137 283 4207 231.
330 4141 457 4232 Gravior
488 4145 587 4205 autem
629 4143 777 4224 appetitus
814 4161 855 4209 ex
890 4142 1094 4229 indignatione
1125 4147 1214 4214 nimio
