2692 4666
161 338 204 407 qq
459 348 497 389 :12
514 354 529 377 -·
573 337 636 392 ΝΘ.
656 333 811 393 mundun
910 344 937 377 ‘··

161 501 213 566 ubi
234 500 362 584 primum
384 514 492 563 sensus
513 496 627 563 infundi
650 498 798 581 coeperit,
832 498 919 560 vitam
951 514 1081 561 amamus
1099 476 1257 581 'tamquam

143 595 211 681 'dei
232 632 356 694 munus,
389 613 510 696 patriam
541 619 741 695 parentesque
771 610 934 694 diligimus,
968 610 1075 674 deinde
1104 610 1257 692 mundos,

161 727 269 810 quibus
291 726 399 789 sociari
423 726 563 808 cupimus.
608 725 682 787 Hinc
705 726 812 786 caritas
831 724 978 804 nascitur,
1002 743 1079 806 quae
1101 725 1177 790 alios
1200 726 1257 789 sibi

159 839 307 925 praefert,
336 856 399 905 uon
421 857 571 920 quaerens
601 857 677 919 quae
700 857 753 902 sua
776 846 859 918 sunt,
889 841 918 901 in
942 840 1048 919 quibus
1072 846 1118 902 cst
1141 814 1256 922 praua-

142 942 246 1043 sp'atus
268 953 405 1017 iustiliae.

249 1064 332 1156 128.Ι
366 1064 509 1128 Omnibus
541 1081 661 1145 quoque
699 1064 893 1128 animantibus
933 1065 1093 1128 innascitur
1131 1067 1258 1149 primum

161 1182 287 1246 salutem
309 1181 403 1261 tueri,
437 1198 546 1242 cavere
576 1197 654 1260 quae
678 1187 824 1259 noceant,
858 1187 1001 1261 expetere
1024 1199 1100 1261 quae
1124 1182 1257 1262 prosint:

163 1303 196 1361 ut
217 1302 349 1378 paslum,
372 1301 403 1356 ut
425 1294 559 1373 latibula,
590 1295 697 1374 quibus
720 1312 754 1357 se
777 1313 794 1356 a
817 1295 968 1375 periculo,
991 1296 1158 1374 imbribus,
1191 1296 1257 1360 sole

64 1434 67 1443 ·
125 1497 129 1503 Ι
164 1409 337 1488 defendant,
361 1408 441 1489 quod
461 1414 507 1471 est
524 1408 706 1489 prudentiae.
751 1409 890 1474 Succedit
912 1429 1049 1491 quoque,
1073 1416 1105 1472 ut
1128 1412 1258 1473 omnium

162 1543 275 1608 genera
307 1523 493 1585 animantium
527 1525 750 1606 congregabilia
780 1530 881 1592 natura
905 1526 980 1604 sint,
1010 1526 1105 1607 primo
1134 1525 1258 1607 generis

163 1641 212 1702 sui
235 1658 269 1703 ac
285 1637 399 1700 formae
423 1639 621 1717 consortibus,
644 1644 703 1700 turn
721 1639 806 1700 etiam
822 1640 941 1719 oeteriS,
964 1645 996 1701 ut
1011 1640 1106 1702 boves
1122 1638 1258 1702 videmus

163 1753 319 1830 armentis,
352 1770 446 1832 equos
469 1754 613 1836 gregibus
638 1759 667 1814 et
690 1754 816 1815 maxime
838 1771 926 1835 pares
949 1754 1069 1834 paribus
1097 1753 1258 1830 delectari3

164 1885 272 1930 cervos
299 1885 420 1948 quoque
449 1869 546 1930 cervis
570 1875 599 1930 et
622 1869 795 1949 plerumque
825 1868 992 1931 hominibus
1024 1868 1153 1951 adiungi.
1198 1866 1258 1930 lam

164 1980 202 2044 de
223 1981 400 2062 procreandi
425 1982 522 2044 studio
546 1988 574 2044 el
597 1983 717 2062 sobole,
741 1983 789 2045 vel
814 1983 899 2044 eliam
923 1981 1129 2063 generantium
1153 2000 1258 2045 amore

164 2093 234 2176 quid
248 2095 378 2176 loquar,
401 2096 429 2157 in
454 2115 513 2177 quo
536 2104 582 2160 est
605 2097 699 2160 forma
721 2098 848 2160 iustitiae
871 2076 1069 2178 praecipual'

252 2205 321 2272 129.
366 2209 471 2290 Liquet
493 2212 583 2294 igilur
605 2218 635 2273 et
656 2196 711 2276 iffi!
734 2218 763 2274 et
784 2212 914 2293 reliquas
938 2216 1081 2293 cognatas
1104 2209 1160 2271 sibi
1186 2227 1257 2272 esse

163 2322 307 2415 virtutes:
338 2324 481 2405 siquidem
510 2332 540 2387 et
571 2324 728 2406 fortitudo,
760 2345 836 2406 quae
867 2325 914 2389 vel
945 2327 973 2388 in
1005 2325 1085 2387 bello
1114 2330 1213 2387 luetur
1240 2346 1257 2387 a

161 2437 295 2500 barbaris
318 2439 455 2519 patriam,
479 2438 526 2527 vel
549 2437 628 2501 domi
652 2438 786 2501 defendit
808 2438 956 2517 infirmos,
980 2436 1067 2498 vela
1090 2435 1255 2499 latronibus

163 2550 282 2628 socios,
310 2550 397 2631 plena
420 2551 457 2612 sit
479 2551 606 2613 iustiliae
614 2573 623 2628 ;
658 2559 687 2613 et
709 2553 788 2613 scire
810 2569 870 2631 quo
895 2550 1019 2613 consilio
1043 2549 1184 2613 defendat
1205 2557 1256 2612 at-

163 2683 222 2745 que
244 2663 380 2742 adiuvet,
405 2671 525 2745 captare
548 2665 634 2726 etiam
657 2669 821 2744 temporum
839 2671 868 2725 el
884 2663 1017 2726 locorum
1040 2662 1261 2745 oportunitates.

163 2776 338 2859 prudentiae
354 2794 389 2838 ac
404 2776 568 2839 modestiae
583 2778 636 2852 sit3
660 2782 689 2837 et
712 2777 904 2857 temperantia
926 2777 989 2864 ipsa
1013 2777 1078 2840 sine
1100 2777 1257 2859 prudentia

163 2891 281 2954 modurn
304 2892 382 2953 scire
405 2909 465 2953 non
488 2893 600 2972 possit;
637 2893 862 2974 oportunitatem
889 2910 1018 2956 noscere
1041 2900 1071 2956 et
1092 2893 1257 2957 secundum

162 3024 329 3069 mensuram
352 3004 481 3068 reddere
504 3007 543 3069 sit
563 3007 708 3083 iustitiae;
739 3014 770 3069 et
792 3008 821 3068 in
846 3008 980 3070 omnibus
1003 3008 1067 3071 istis
1096 3009 1256 3092 magnani-

162 3122 247 3184 milas
269 3123 439 3184 neccssaria
462 3123 500 3184 sit
523 3127 552 3184 et
575 3122 718 3202 quaedam
750 3120 890 3185 fortitudo
921 3125 1047 3202 mentis,
1079 3124 1256 3206 plerumque

164 3243 193 3300 et
215 3238 369 3319 corporis,
391 3241 423 3298 ut
445 3237 511 3316 quis
534 3235 613 3317 quod
635 3236 708 3298 velit
731 3237 971 3318 inplerepossit.

528 3435 698 3503 CAPUT
732 3437 891 3503 XXVIII.

144 3576 325 3647 ¹‚Societatem
346 3585 463 3628 constare
481 3577 575 3628 iustitia
596 3586 622 3629 et
640 3578 820 3642 benedicentia3
845 3577 911 3628 illius
937 3585 1023 3646 partes
1049 3577 1110 3628 duas
1136 3575 1257 3629 munnam

165 3673 190 3718 ct
208 3667 331 3734 privatam
350 3667 537 3733 possessionem
551 3683 566 3716 a
579 3665 724 3718 Christianis
743 3682 794 3717 non
813 3668 932 3736 agnosci;
952 3665 1019 3734 quod
1038 3678 1100 3716 vero
1122 3663 1258 3716 derorum

166 3757 344 3805 communitate
363 3769 393 3804 uc
411 3762 497 3806 mutuo
519 3754 611 3806 auxilio
630 3755 730 3806 tradunt
749 3755 840 3821 Stoici,
868 3756 916 3808 hoc
935 3771 979 3807 eos
999 3770 1013 3804 e
1031 3754 1160 3822 scripturis
1179 3756 1258 3806 sacris

164 3848 291 3893 mutuatos
318 3855 382 3891 esce.
419 3839 531 3905 Quantus
556 3843 664 3894 institiae
692 3842 813 3911 splendor
831 3851 857 3894 et
876 3845 974 3913 quinam
1001 3838 1100 3909 scopuli
1125 3856 1256 3917 accessum

546 3931 577 3981 ud
596 3930 665 3982 illam
683 3930 869 3999 praepediant?

255 4041 324 4107 130.
369 4044 478 4108 lustitia
502 4046 591 4128 igitur
614 4045 650 4108 ad
674 4048 847 4110 societatem
876 4049 996 4130 generis
1025 4046 1143 4108 humani
1167 4050 1197 4106 et
1219 4043 1257 4106 ad

166 4161 406 4226 communitatem
422 4159 560 4226 refertur.
605 4161 760 4240 Societatis
784 4162 861 4228 enim
884 4162 958 4226 ratio
982 4160 1119 4227 dividitur
1134 4160 1163 4225 in
1180 4157 1254 4224 duas
