2692 4666
567 377 591 430 s.
613 374 775 430 suanosu.
1197 379 1218 444 3

119 549 243 612 territus
266 552 350 627 pater
373 543 429 606 ait:
461 540 495 601 Sl
524 539 643 602 alaerit
669 539 844 621 infantulus
867 539 939 613 istc,
972 537 1094 616 aliquid
1116 537 1220 618 magni

121 666 189 726 erit.
237 661 423 742 Operabatur
447 657 524 718 enim
546 656 603 716 iam
633 660 702 716 tunc
732 654 868 715 dominus
896 653 925 712 in
955 652 1066 713 servuli
1096 653 1142 713 sui
1170 652 1221 713 in-

121 778 224 854 fantia,
247 782 280 837 ut
303 774 464 856 inpleretur
488 771 568 853 quod
591 773 733 853 scriptum
756 777 819 832 est:
842 769 922 830 daal
944 769 1043 829 mellis
1064 787 1222 830 sermones

122 888 207 950 boni.
233 883 264 970 ยน)
318 884 388 948 illud
420 886 497 947 enim
530 901 654 945 examen
686 900 773 962 apum
806 881 984 962 scriptorum
1014 882 1105 962 ipsius
1137 883 1222 944 nobis

122 1001 290 1086 generabat
318 999 421 1076 favos,
455 999 506 1079 qui
537 998 676 1059 caelestia
707 996 783 1059 dona
814 995 1020 1059 adnuntiarent
1050 1003 1079 1058 et
1109 1004 1223 1060 mentes

124 1119 281 1181 hominum
305 1116 342 1178 de
364 1117 493 1177 terrenis
517 1112 553 1174 ad
576 1113 691 1175 caelum
715 1114 875 1195 erigerent.

213 1229 242 1294 4.
288 1231 395 1293 Postea
418 1244 492 1289 vero
516 1245 581 1288 cum
605 1225 788 1288 adulevisset
811 1230 839 1285 et
864 1229 944 1285 esset
975 1224 1003 1285 in
1034 1223 1110 1284 urbe
1132 1222 1225 1284 Roma

126 1347 306 1410 constitutus
330 1361 396 1405 cum
418 1346 513 1402 matre
536 1338 624 1401 vidua
648 1345 679 1399 et
701 1355 826 1415 sorore,
850 1357 927 1417 quae
948 1337 1145 1419 virginitatem
1168 1337 1226 1397 iam

125 1462 225 1523 fuerat
247 1455 396 1538 professa,
419 1455 528 1516 comite
552 1454 608 1515 alia
630 1453 757 1535 virgine,
781 1454 866 1514 cuius
888 1453 1013 1535 virginis
1035 1470 1124 1514 soror
1144 1451 1226 1514 Can-

127 1575 197 1637 dida
221 1574 337 1652 etipsa
361 1567 495 1631 eiusdem
518 1566 726 1649 professionis,
751 1584 828 1645 quae
851 1584 930 1628 nuuc
946 1565 1126 1648 Karthagine
1146 1566 1228 1648 degit

128 1691 187 1751 iam
212 1704 303 1763 anua,
334 1703 399 1747 cum
428 1684 544 1746 videret
575 1683 780 1745 sacerdotibus
812 1701 827 1742 a
853 1673 1015 1743 dom'estica
1039 1683 1155 1744 sororis
1178 1681 1227 1743 vel

130 1802 233 1864 matris
256 1815 360 1861 manus
385 1799 531 1876 osculari,
561 1799 626 1879 ipse
652 1797 757 1859 ludens
781 1795 926 1858 offerebat
949 1797 1102 1858 dexteram
1126 1796 1228 1857 dicens

131 1923 161 1978 et
185 1915 240 1977 sibi
264 1913 292 1974 id
316 1914 352 1975 ab
379 1930 413 1973 ea
435 1910 501 1973 fieri
524 1914 676 1992 oportere,
699 1908 843 1989 siquidem
861 1907 1034 1989 episcopum
1050 1926 1083 1970 se
1100 1908 1228 1969 futurum

132 2047 202 2092 esse
234 2026 425 2088 memorabat.
471 2024 662 2104 loquebatur
694 2024 772 2084 enim
804 2024 834 2083 in
866 2022 915 2083 illo
947 2023 1067 2104 spiritus
1100 2027 1228 2099 sanctus,

132 2144 183 2225 qui
204 2143 287 2205 ilium
310 2140 346 2202 ad
370 2139 570 2202 sacerdotium
593 2139 740 2201 nutriebat
748 2160 756 2214 3
786 2138 833 2199 illa
858 2154 931 2199 vero
955 2143 987 2199 ut
1009 2138 1229 2201 adulescentem

133 2263 162 2319 et
184 2257 368 2318 nescientem
392 2252 461 2333 quid
485 2251 599 2314 diceret
622 2252 790 2332 respuebat.

222 2366 251 2430 5.
297 2366 356 2431 Sed
379 2373 534 2447 postquam
557 2367 681 2428 edoctus
703 2367 872 2429 liberalibus
897 2367 1058 2448 disciplinis
1090 2385 1129 2428 ex
1156 2369 1230 2430 urbe

134 2499 278 2566 egressus
303 2488 349 2542 est
371 2480 588 2561 professusque
612 2482 641 2542 in
664 2480 811 2543 auditorio
841 2480 1049 2561 praefecturae
1080 2483 1230 2562 praetorii,

134 2600 173 2660 ita
197 2593 353 2676 splendide
375 2610 480 2656 causas
511 2595 688 2675 perorabat,
719 2601 751 2657 ut
780 2595 951 2677 elegeretur
982 2615 998 2657 a
1028 2597 1094 2657 viro
1126 2596 1231 2658 illustri

133 2712 241 2789 Probo,
265 2715 335 2771 tunc
358 2706 512 2789 praefecto
531 2710 681 2789 praetorii,
706 2709 743 2771 ad
760 2710 913 2772 consilium
929 2710 1124 2773 tribuendum.
1162 2711 1233 2772 Post

134 2823 216 2907 quod
240 2822 457 2887 consularitatis
481 2824 613 2905 suscepit
635 2825 772 2907 insignia,
795 2831 827 2886 ut
849 2831 972 2907 regeret
994 2825 1142 2909 Liguriam
1165 2825 1232 2887 Ae-

134 2938 302 3016 miliamque
325 2936 495 3018 provincias
519 2938 659 3019 venitque
682 2937 888 3000 Mediolanum.

222 3048 251 3116 6.
297 3050 353 3110 Per
375 3048 453 3110 idem
476 3057 591 3132 tempus
616 3059 734 3114 mortuo
757 3051 909 3114 Auxentic
932 3053 1062 3120 Arianae
1090 3058 1232 3139 perfidiae

136 3170 292 3250 episcopo,
315 3167 365 3246 qui
382 3165 528 3249 Dionysio
549 3169 653 3230 beatae
672 3169 833 3230 memoriae
849 3168 1027 3232 confessore
1043 3170 1079 3232 ad
1095 3172 1233 3234 exsilium

136 3281 286 3345 destinato
310 3279 467 3342 incubabat
489 3279 646 3357 ecclesiae,
671 3296 736 3340 cum
759 3281 887 3360 populus
909 3280 946 3343 ad
969 3281 1144 3344 seditionem
1161 3300 1233 3344 sur-

136 3401 225 3479 geret
247 3393 276 3455 in
299 3392 429 3473 petendo
453 3394 595 3475 episcopo
624 3399 764 3473 essetque
792 3394 834 3455 illi
864 3413 935 3456 cura
966 3395 1117 3458 sedandae
1148 3395 1233 3458 sedi-

136 3508 245 3586 tionis,
275 3525 314 3569 ne
337 3505 465 3587 populus
488 3504 616 3567 civitatis
638 3506 667 3566 in
690 3503 853 3585 periculum
877 3507 922 3568 sui
944 3514 1128 3589 verteretur,
1158 3528 1233 3591 per-

137 3623 217 3684 rexit
245 3621 282 3683 ad
307 3621 482 3697 ecclesiam3
512 3621 612 3700 ibique
642 3637 707 3680 cum
736 3619 938 3700 alloqueretur
967 3623 1102 3703 plebem,
1134 3625 1233 3688 subito

138 3754 200 3798 vox
223 3734 316 3798 fertur
338 3734 458 3796 infantis
487 3736 518 3795 in
544 3734 655 3815 populo
679 3734 817 3795 sonuisse
838 3733 1028 3797 Ambrosium
1052 3740 1233 3820 episcopum.

140 3850 186 3913 Ad
210 3851 292 3914 euius
315 3851 399 3912 vocis
421 3849 549 3911 sonitum
574 3849 664 3911 totius
685 3848 787 3929 populi
816 3865 869 3910 ora
899 3866 1046 3912 conversa
1077 3859 1145 3914 suut
1175 3853 1233 3916 ad-

141 3965 291 4029 chnmutis
315 3962 505 4028 Ambrosium
529 3962 719 4043 episcopum3
750 3962 849 4042 itaque
876 3963 927 4042 qui
958 3970 1045 4026 antea
1074 3966 1233 4030 turbulen-

211 4205 241 4275 1)
258 4203 333 4260 rrov.
352 4204 396 4272 rs,
415 4205 456 4258 24.
