2692 4666
171 347 214 414 34
617 340 643 394 S.
662 339 816 396 Attssttosll

171 508 248 572 enim
278 506 305 570 si
336 524 391 588 pro
422 504 519 569 otioso
549 503 642 566 verbo
676 501 782 565 reddet
811 503 1015 584 unusquisque
1044 502 1205 583 rationem,
1234 499 1262 586 ¹)

171 628 281 706 quanto
311 621 406 704 magis
428 637 483 702 pro
505 617 599 681 verbo
623 618 787 700 inpuritatis
810 623 840 680 et
862 617 1075 701 turpitudinis?
1119 615 1264 681 Graviora

170 744 240 803 sum
266 736 344 800 enim
374 734 466 798 verba
495 732 764 815 praecipitationis,
796 751 882 812 quam
905 734 1009 797 otiosa:
1053 733 1136 818 Ergo
1159 733 1185 796 si
1207 750 1262 815 pro

170 853 268 918 otioso
292 851 385 915 verbo
408 851 484 914 ratio
507 848 650 932 poscitur,
675 854 786 930 quanto
810 849 905 932 magis
927 867 983 931 pro
1007 865 1148 912 sermone
1162 847 1263 929 inpie-

169 968 236 1032 tatis
259 984 356 1049 poena
380 962 568 1030 exsolvitur?

586 1233 757 1330 curor
789 1235 848 1301 ru.

170 1406 227 1460 Non
244 1412 406 1474 perpetuum,
424 1418 472 1454 nee
490 1403 596 1454 otiosum
616 1417 673 1454 erse
693 1400 790 1452 debere
802 1399 937 1466 silentium,
957 1410 982 1454 et
995 1418 1046 1471 quo
1060 1410 1135 1470 pacto
1149 1399 1263 1453 custodia

294 1491 364 1544 cordi
383 1498 458 1559 atque
477 1490 515 1541 ori
534 1497 621 1541 contra
640 1488 797 1541 inordinatos
816 1487 921 1541 affectus
940 1488 1083 1541 adhibenda
1101 1491 1142 1542 sit.

257 1652 286 1718 9.
331 1650 406 1727 Quid
440 1651 559 1733 igitur?
611 1650 707 1714 Mutos
741 1667 799 1713 nos
833 1667 902 1712 esse
936 1651 1082 1731 oportet?
1134 1649 1263 1714 Minime.

169 1769 222 1832 Est
252 1766 328 1829 enim
360 1771 475 1846 tempus
505 1763 622 1827 tacendi
646 1771 675 1826 et
699 1770 745 1826 est
766 1769 882 1844 tempus
902 1763 1053 1844 loquendi
1071 1761 1103 1846 ²)
1148 1763 1263 1828 Deinde

169 1883 195 1946 si
217 1900 272 1965 pro
297 1880 394 1943 otioso
417 1877 511 1941 verbo
532 1876 682 1940 reddimus
697 1878 850 1956 rationem,
874 1879 1026 1941 videamus
1049 1898 1088 1943 ne
1103 1878 1263 1943 reddamus

170 2003 199 2062 et
220 2014 276 2079 pro
299 1995 397 2059 otioso
420 1993 546 2055 silentio.
592 1991 645 2054 Est
667 1992 745 2054 enim
769 1997 797 2056 et
821 1993 1008 2077 negotiosum
1036 1993 1201 2073 silentium,
1232 1999 1264 2056 ut

170 2119 234 2176 erat
256 2111 425 2187 Susannae,
455 2126 531 2188 quae
553 2106 620 2187 plus
644 2108 706 2189 egit
727 2107 872 2187 tacendo,
895 2126 981 2190 quum
1005 2110 1030 2171 si
1053 2114 1134 2172 esset
1155 2111 1262 2174 locuta.

170 2224 309 2289 iacendo
333 2223 410 2286 euim
433 2220 511 2303 apud
533 2221 670 2284 homines
691 2221 790 2284 locuta
813 2228 860 2285 est
883 2221 952 2301 deo,
978 2241 1035 2285 nec
1056 2224 1147 2287 ullum
1169 2226 1263 2307 majus

169 2338 307 2402 indicium
335 2354 407 2399 suae
437 2335 577 2398 castitatis
600 2336 728 2414 invenit,
763 2354 851 2415 quam
872 2336 1028 2399 silentium.
1073 2337 1264 2402 Conscientia

168 2454 364 2537 loquebatur,
394 2452 445 2515 ubi
474 2469 536 2514 vox
565 2469 626 2515 nou
656 2452 848 2533 audiebatur,
880 2472 937 2515 neo
966 2452 1128 2533 quaerebat
1149 2469 1204 2534 pro
1228 2468 1262 2515 se

169 2569 319 2633 bominum
342 2565 481 2629 iudicium
505 2585 582 2648 quae
604 2566 732 2631 babebat
753 2566 863 2630 domini
884 2568 1091 2631 testimouium.
1135 2565 1182 2629 Ab
1211 2566 1262 2630 illo

169 2681 259 2766 igitur
282 2680 401 2744 volebat
423 2678 553 2756 absolvi,
585 2697 672 2759 quem
701 2679 814 2743 sciebat
842 2678 922 2742 nullo
953 2679 1041 2744 modo
1072 2697 1163 2762 posse
1193 2679 1263 2743 ialli.

169 2795 236 2877 lpse
260 2795 396 2858 dominus
412 2788 445 2875 ³)
468 2792 497 2853 in
521 2791 679 2874 evangelio
706 2797 808 2855 tacens
840 2793 1019 2874 operabatur
1049 2793 1172 2857 salutem
1203 2792 1263 2856 bc·

169 2910 286 2972 minum.
338 2907 430 2970 Recte
461 2924 537 2989 ergo
570 2905 664 2969 David
695 2899 757 2970 non
789 2906 935 2970 silentium
968 2908 1024 2972 sibi
1042 2905 1158 2971 'indixit
1188 2925 1263 2990 per-

170 3028 300 3105 petuum,
323 3020 378 3085 sed
401 3020 573 3084 custodiam.

260 3134 307 3200 to.
354 3134 560 3200 Custodiamus
598 3152 673 3218 ergo
713 3153 766 3199 cor
802 3141 953 3216 nostrum,
991 3134 1189 3201 custodiamus
1228 3153 1264 3200 os

169 3257 322 3329 nostrum3
341 3257 499 3332 utrumque
522 3250 600 3313 enim
623 3252 763 3333 scriptum
787 3259 849 3315 est:
872 3252 930 3333 hic,
953 3259 1035 3317 utos
1053 3249 1264 3333 custodiamus,

170 3366 238 3431 alibi
262 3365 313 3429 tibi
334 3365 456 3429 dicitur:
468 3360 501 3447 ⁴)
527 3363 618 3427 Omni
638 3365 781 3427 custodio
798 3384 893 3430 aaron
911 3385 965 3428 cor
980 3375 1071 3430 tuom.
1110 3366 1142 3432 Si
1155 3374 1264 3431 custo-

170 3480 269 3544 diebat
290 3478 400 3558 David,
430 3484 462 3542 tu
489 3496 550 3543 non
580 3477 760 3542 custodies?
804 3478 836 3544 Si
866 3479 1004 3544 inmunda
1032 3480 1108 3543 labia
1137 3479 1265 3547 babebat

169 3591 303 3669 Hesaias,
326 3591 375 3672 qui
393 3589 481 3652 dixit:
495 3587 526 3672 5)
551 3590 577 3654 O
598 3591 693 3652 miser
714 3609 779 3671 epo,
804 3592 952 3670 quonium
973 3600 1163 3674 conpunctus
1183 3613 1262 3674 suar,

171 3707 246 3787 quic
267 3725 335 3769 com
355 3705 414 3769 sim
435 3706 541 3781 bomo,
566 3714 595 3768 et
616 3706 767 3766 inmundo
790 3705 876 3768 lobio
898 3705 1045 3782 bobcom5
1069 3709 1096 3771 si
1118 3708 1264 3792 propbeta

172 3819 282 3882 domini
304 3819 444 3883 inmunda
465 3819 592 3882 babebat
613 3819 698 3897 labia,
722 3818 872 3900 quomodo
896 3837 952 3884 uos
971 3822 1081 3886 munda
1095 3821 1263 3888 babemus?

243 4086 495 4157 obumbrato.
554 4089 586 4160 a)
603 4088 673 4143 ucat.
692 4089 718 4156 e,
737 4090 762 4142 a.
822 4087 854 4158 e)
870 4087 955 4144 uach.
976 4090 1020 4158 aa,
1037 4091 1079 4146 aa
1139 4092 1170 4163 4)
1187 4091 1263 4147 not.

172 4176 199 4244 r,
218 4174 261 4232 aa.
332 4175 362 4246 5)
379 4174 439 4233 uo..
459 4177 486 4245 a,
503 4175 529 4229 5.
