2692 4666
382 322 427 377 uu
449 321 585 378 orarem
606 323 829 379 mumraoauu
846 300 991 381 umaa'u.
1164 329 1227 395 159

127 502 226 566 aquae
249 483 377 568 frigidae
399 503 416 547 a
439 486 579 566 praemiis
610 487 859 550 remunerationis
886 487 1014 552 inmunis
1043 487 1089 549 sit.
1135 484 1239 559 Vides,¹

125 598 193 679 quia
210 595 361 662 Abrabam
376 595 465 661 deum
487 601 604 683 recepit
626 600 773 683 hospitio,
796 600 864 664 dum
888 601 1023 683 hospites
1046 598 1169 681 quaerit.
1194 595 1226 681 ¹)

121 711 216 779 Vides
238 711 307 792 quia
328 710 385 774 Lot
407 710 533 794 angelos
556 712 696 795 suscepit.
710 709 743 794 ²)
781 712 865 775 Unde
888 714 967 792 scis,
989 731 1026 776 an
1044 718 1073 774 et
1087 718 1135 791 tu,
1160 730 1227 775 cum

122 824 253 906 suscipis
287 824 453 906 hospitem,
491 824 638 907 suscipias
673 824 835 904 Christum,
872 825 942 888 licet
974 826 1005 888 in
1038 824 1156 907 bospite
1190 825 1228 888 sit

122 937 269 1017 Christus,
291 937 360 1019 quia
376 935 511 1001 Christus
525 938 556 999 in
572 955 707 1020 paupere
721 944 778 1018 est,
798 938 955 1020 sicutipse
972 939 1027 1000 ait:
1044 933 1077 1020 ³)
1099 937 1136 1000 ln
1153 957 1225 1002 ccr-

124 1071 195 1116 cerc
217 1071 304 1115 creon
326 1053 506 1115 statuistis
528 1052 570 1114 ud
592 1071 649 1128 nac,
673 1052 777 1114 nudus
801 1071 888 1113 erum
909 1059 940 1113 et
961 1051 1133 1130 operuistis
1155 1051 1226 1114 ane?

213 1161 285 1229 108.
331 1162 429 1230 Suare
446 1170 492 1228 est
508 1164 599 1247 igitur
618 1182 678 1228 non
700 1164 857 1245 pecuniae,
879 1164 935 1228 sed
957 1164 1071 1247 gratiae
1094 1163 1225 1229 studere

124 1274 444 1341 Verumhoomalum
469 1274 657 1338 iamdudum
687 1275 821 1339 humanis
851 1274 969 1339 influxit
997 1277 1166 1365 mentibus,
1194 1283 1227 1342 ιιι

121 1387 388 1470 ροοιιῐιίιι“ιοηοτί
415 1386 469 1465 sil,
493 1393 524 1448 et
547 1385 634 1447 animi
657 1385 808 1448 bominum
833 1385 998 1450 divitiarum
1032 1386 1226 1452 admiratione

121 1502 285 1583 capiantur.
325 1498 396 1561 lnde
419 1515 453 1560 se
476 1497 609 1560 inmersit
631 1498 770 1576 avaritia,
793 1497 886 1561 veluti
910 1498 1054 1580 quaedam
1077 1502 1226 1564 bonorum

120 1612 242 1676 ariditas
267 1610 444 1688 officiorum,
467 1617 499 1672 ut
514 1610 649 1672 homines
674 1608 811 1693 damnum
834 1617 948 1692 putent,
971 1612 1116 1693 quidquid
1131 1632 1240 1696 prae-u

121 1732 167 1787 ter
190 1740 304 1786 morem
331 1721 508 1802 inpenditur,
554 1720 614 1786 Sed
638 1722 725 1784 etiam
750 1723 780 1782 in
803 1722 862 1785 hoc
884 1722 1030 1788 adversus
1061 1726 1224 1806 avaritiam,

121 1852 171 1901 ue
188 1835 270 1917 quod
293 1834 404 1897 adferri
426 1836 522 1915 possit
545 1834 794 1915 inpedimentum,
817 1837 974 1917 prospexit
998 1838 1144 1917 scriptura
1165 1857 1226 1901 ve-

121 1949 264 2013 nerabilis
297 1947 414 2013 dicens:
431 1944 464 2029 ⁴)
501 1947 584 2021 Ouia
613 1948 725 2010 melior
747 1955 794 2009 cst
815 1948 1017 2028 hospitalitas
1043 1969 1111 2010 euna
1136 1949 1224 2013 bolc-

121 2061 220 2124 ribus.
264 2059 303 2121 lll
325 2058 418 2122 inira:
435 2055 468 2144 6)
492 2059 605 2121 Melior
621 2067 674 2120 cat
693 2059 791 2136 panis
813 2060 846 2120 in
870 2058 1026 2122 suscitate
1048 2079 1116 2123 cum
1134 2080 1224 2141 poce.

121 2171 190 2237 Non
214 2172 294 2269 enirn
315 2172 461 2255 prodigos
484 2188 540 2234 nos
563 2170 653 2232 docet
676 2187 746 2233 esse
768 2170 933 2252 scriptura,
956 2171 1011 2235 sed
1032 2172 1181 2238 liberales.

213 2266 284 2348 109.
328 2282 488 2366 Largitatis
509 2284 588 2345 enim
604 2283 663 2346 duo
679 2289 748 2345 sunt
767 2301 897 2366 genera:
920 2303 1011 2347 unum
1033 2285 1225 2365 liberalitatis,

121 2397 247 2461 alterum
275 2395 422 2478 prodigae
451 2396 614 2459 effusionis.
656 2396 794 2460 Liberale
819 2404 866 2460 est
887 2398 1034 2479 hospitem
1060 2398 1226 2481 suscipere,

120 2507 233 2573 nudum
268 2509 395 2587 vestire,
429 2507 579 2572 redimere
601 2510 756 2590 captivos,
786 2528 847 2572 uon
868 2509 1013 2573 habentes
1035 2515 1153 2590 sumptu
1175 2509 1226 2572 iu·

122 2639 213 2697 vare;
236 2620 395 2702 prodigum
417 2629 464 2684 est
486 2622 666 2703 sumptuosis
689 2621 822 2684 effluere·
837 2622 985 2685 conviviis
1008 2628 1039 2683 et
1060 2621 1132 2683 vino
1153 2619 1225 2702 plu-

121 2734 219 2810 rimo;
252 2731 333 2796 unde
353 2710 479 2816 legisti:
496 2728 529 2815 ⁶)
558 2732 727 2812 Prodigum
753 2741 802 2795 eat
822 2734 929 2813 ciam
949 2740 981 2794 ct
1001 2731 1228 2796 contumeliosa

121 2844 267 2909 ebrietur.
312 2844 472 2926 Prodigum
487 2849 533 2907 est
548 2844 698 2926 popularis
720 2844 832 2907 luroris
853 2841 950 2926 maiia
971 2843 1127 2908 exinanire
1148 2860 1227 2931 prpe

123 2957 205 3038 prias
230 2974 322 3039 opes,
344 2956 426 3039 quod
449 2955 561 3018 laciunt
582 2956 634 3036 qui
655 2955 732 3020 ludis
756 2956 941 3021 circensibus
957 2956 1006 3018 vel
1028 2959 1115 3020 etiam
1139 2958 1227 3022 thea-

124 3070 249 3135 tralibus
264 3077 295 3134 et
315 3070 487 3133 muneribus
509 3068 695 3153 gladiatoriis
717 3071 766 3132 vel
789 3070 875 3133 etiam
899 3070 1107 3133 venationibus
1130 3070 1226 3150 patri·

122 3183 252 3246 monium
283 3180 445 3263 dilapidant
471 3197 574 3259 suum,
606 3187 638 3243 ut
661 3181 781 3244 vincant
809 3181 999 3261 superiorum
1028 3180 1226 3261 celebritates,

121 3312 188 3358 cum
211 3299 304 3356 totum
326 3291 399 3357 illud
421 3293 461 3356 sit
482 3293 588 3370 mane,
619 3290 699 3372 quod
730 3297 838 3373 agunt,
867 3291 1107 3373 quandoquidem
1138 3292 1226 3356 etiam

120 3406 269 3471 bonorum
292 3422 420 3486 operum
440 3403 606 3484 sumptibus
629 3400 844 3465 inmoderatum
867 3420 1021 3467 essenon
1043 3401 1157 3466 deceat

213 3516 283 3584 110.
328 3516 454 3582 Pulchra
469 3515 629 3579 liberalitas
650 3532 724 3597 erga
739 3514 822 3595 ipsos
838 3532 959 3597 quoque
973 3531 1121 3596 pauperes
1136 3532 1226 3578 men-

120 3648 222 3697 snram
248 3637 371 3708 tenere,
405 3635 439 3693 ut
460 3619 594 3693 abundes
624 3628 759 3709 pluribus
766 3647 776 3704 ς
811 3645 872 3691 nou
902 3626 1081 3692 conciliandi
1113 3625 1226 3692 ierom

121 3743 220 3829 gratia
241 3743 318 3807 ultra
345 3740 465 3810 modum
487 3739 592 3805 liuere.
637 3737 786 3820 Quidquid
809 3757 849 3804 ex
871 3738 980 3805 adactu
1002 3755 1080 3820 puro
1101 3757 1137 3803 ac
1159 3738 1225 3804 siu·

126 3910 330 3925 m

194 4005 485 4077 1)oan.1e,1reqq.
541 4005 749 4074 annueres.
803 4008 832 4070 e)
849 4007 935 4061 naun.
950 4005 993 4072 25,
1007 4005 1048 4059 eo.
1102 4005 1132 4077 r)
1149 4006 1225 4062 rav.

123 4094 165 4161 15,
187 4093 229 4145 1⁷.
301 4094 330 4159 s)
349 4092 413 4146 mro.
434 4093 477 4163 aa,
496 4094 521 4148 1.
592 4094 622 4163 a)
640 4092 704 4147 mro.
723 4093 766 4160 ao,
786 4094 811 4148 ι.
