2692 4666
155 315 218 381 164
442 296 472 344 '2
607 310 632 362 s.
651 308 820 365 aunaosn.

153 472 301 538 munionis
343 471 505 554 perieulum
545 477 608 552 est,
656 473 743 536 etiam
785 471 971 535 dissimulare
1010 479 1165 554 peecatum
1209 477 1255 534 est

153 605 214 651 non
236 587 314 650 leve.

547 765 719 831 CAPUT
746 765 856 830 XXV.

152 911 283 966 Renelioia
310 914 335 962 in
364 927 492 980 pauperes
518 911 603 978 potius
628 909 798 974 conferenda,
827 925 902 979 quam
927 911 952 960 in
978 911 1084 977 divites3
1114 912 1162 964 bos
1188 914 1255 964 eninr

153 1007 197 1052 aut
214 1000 358 1069 quaesitam
375 1014 390 1049 a
405 1013 434 1050 se
453 997 571 1049 beneficii
588 997 670 1049 vicem
687 1005 792 1063 putore,
811 1004 853 1048 aut
871 996 1016 1064 indignari,
1033 997 1101 1067 qaod
1119 998 1258 1050 videantur

152 1086 212 1138 bino
237 1085 299 1138 lacti
325 1085 473 1147 debitores3
505 1099 632 1152 pauperes
658 1099 721 1135 vero
747 1091 774 1134 et
798 1082 940 1135 debitorem
958 1099 1004 1151 pro
1023 1100 1052 1136 se
1069 1085 1146 1137 deum
1172 1086 1256 1153 ipsum

154 1175 307 1226 constituere
332 1181 358 1224 et
383 1170 492 1223 libenter
519 1179 626 1238 accepta
651 1169 773 1222 beneficia
803 1171 926 1223 confiteri.
971 1169 1068 1234 Quibus
1094 1171 1197 1225 additur
1222 1173 1256 1224 ad

462 1258 587 1325 pecuniae
606 1263 778 1324 contemptum
796 1255 947 1308 adhortatio.

243 1379 314 1447 126.
360 1381 437 1455 Quid
469 1388 567 1444 autem
597 1381 649 1443 tibi
678 1377 802 1462 prodest
831 1379 935 1442 lavere
963 1379 1070 1444 divili‘?
1113 1380 1163 1444 An
1187 1383 1256 1463 quia

153 1498 240 1561 eitius
262 1503 408 1560 amantem
439 1495 670 1558 remuneratur?
713 1494 766 1556 His
792 1493 869 1556 enim
892 1492 1027 1556 favemus
1056 1494 1255 1576 frequentius,

153 1610 303 1690 aquibus
329 1607 510 1671 referendae
537 1608 634 1670 vicem
664 1623 819 1687 speramus
845 1606 969 1690 gratiae.
1014 1607 1073 1673 Sed
1097 1625 1135 1671 eo
1159 1607 1256 1690 magis

152 1726 270 1789 infirmo
294 1731 324 1787 et
346 1724 509 1806 inopinos
531 1722 654 1785 studere
677 1723 833 1802 convenit,
865 1721 934 1803 quia
954 1739 1010 1802 pro
1033 1739 1088 1801 eo,
1119 1722 1170 1801 qui
1193 1738 1256 1785 non

152 1837 251 1918 habet,
272 1837 544 1901 remunerationem
566 1854 753 1917 speramusa
771 1835 892 1899 domino
914 1836 992 1914 lesu,
1015 1837 1065 1917 qui
1081 1835 1137 1898 sub
1152 1836 1256 1917 specie

153 1949 283 2014 convivii
305 1946 332 2034 ¹)
365 1948 539 2032 generalem
567 1948 685 2010 virtutis
718 1947 808 2010 edidit
842 1947 980 2027 sormam,
1015 1955 1046 2010 ut
1077 1948 1123 2010 his
1155 1951 1255 2031 potius

153 2070 256 2127 nostra
286 2061 475 2127 conferamus
507 2061 669 2141 beneficia,
701 2062 752 2142 qui
780 2061 867 2124 nobis
891 2081 926 2124 ea
949 2080 1009 2122 non
1040 2068 1169 2143 possunt
1199 2081 1256 2125 re-

153 2183 365 2259 praesentare,
396 2175 509 2239 doeens
531 2176 568 2239 ad
592 2176 762 2238 convivium
784 2183 874 2256 atque
897 2175 1001 2257 epulas
1024 2193 1085 2238 non
1108 2193 1182 2254 eos,
1206 2175 1256 2257 qui

153 2290 260 2353 divites
290 2294 373 2368 sunt,
406 2286 461 2351 sed
489 2304 639 2370 pauperes
671 2286 849 2350 invitandos.
894 2287 1009 2349 Diuites
1040 2287 1117 2348 enirn
1150 2286 1256 2371 rogari

152 2400 310 2480 videntur,
338 2408 371 2464 ut
392 2400 448 2482 ipsi
471 2418 591 2482 quoque
614 2399 700 2462 nobis
722 2398 848 2462 reddant
876 2400 1062 2462 convivium:
1093 2416 1255 2481 paupereS,

153 2515 221 2597 quia
244 2532 305 2578 non
328 2513 438 2578 habent
459 2515 540 2598 quod
561 2517 734 2595 restituant,
765 2534 830 2578 curn
856 2515 1043 2598 acceperint,
1073 2533 1256 2577 remunera-

152 2633 249 2691 torem
277 2627 364 2690 nobis
395 2627 506 2693 iaciunt
533 2627 699 2708 dominum,
731 2627 785 2708 qui
807 2645 842 2689 se
864 2644 919 2709 pro
949 2645 1083 2710 paupere
1111 2628 1257 2712 obligan-

154 2740 224 2805 dum
246 2740 358 2805 obtulit.
1231 2752 1235 2757 ’

241 2849 313 2917 127.
357 2851 405 2915 Ad
427 2852 524 2934 ipsum
556 2870 676 2933 quoque
710 2850 822 2914 saeculi
844 2870 930 2914 usum
953 2851 1080 2915 conlatio
1115 2852 1256 2916 beneficii

152 2965 231 3028 faeta
253 2965 282 3027 in
305 2983 453 3047 pauperes
481 2966 592 3049 magis,
615 2984 702 3047 quarn
723 2966 754 3028 in
774 2965 939 3047 locupletes
961 2966 1028 3047 plus
1050 2966 1148 3045 iuvat,
1185 2967 1256 3048 quia

153 3075 238 3140 dives
261 3074 439 3160 dedignatur
460 3078 637 3140 beneficium
652 3084 682 3140 et
697 3076 789 3160 pudet
807 3095 874 3139 eum
897 3076 1063 3142 debitorem
1085 3096 1156 3142 esse
1178 3097 1256 3163 gra·

152 3185 221 3253 liae.
267 3190 344 3264 Quin
379 3190 466 3252 etiarn
494 3189 542 3269 id,
575 3188 656 3270 quod
691 3189 838 3252 conlatum
866 3195 913 3252 est
941 3191 1013 3270 sibi,
1047 3191 1161 3253 meritis
1190 3192 1255 3254 suis

153 3308 293 3384 arrogat,
317 3299 398 3381 quod
421 3301 503 3364 velut
525 3301 654 3364 debitum
677 3302 843 3383 acceperit,
869 3300 918 3364 vel
941 3301 1010 3367 ideo
1033 3303 1132 3367 datum
1154 3305 1193 3367 sit
1214 3322 1254 3367 eo

153 3413 234 3495 quod
258 3416 302 3494 is,
325 3415 376 3494 qui
399 3412 497 3495 dedit,
520 3412 705 3478 reddendum
729 3414 786 3476 sibi
807 3432 825 3475 a
846 3414 936 3476 divite
959 3417 1079 3480 uberius
1095 3417 1255 3481 existima·

152 3528 240 3591 verit.
283 3528 325 3590 lta
348 3529 378 3590 in
402 3529 576 3610 accipiendo
606 3528 769 3608 beneficio,
802 3546 840 3591 eo
870 3529 936 3610 ipso
971 3531 1051 3611 quod
1082 3532 1256 3613 acceperint

153 3640 278 3720 divites,
308 3640 428 3705 dedisse
451 3658 486 3704 se
508 3640 603 3724 magis
627 3658 715 3721 quarn
738 3641 893 3721 accepisse
917 3642 1087 3705 existimant
1094 3663 1104 3720 3
1128 3661 1256 3725 pauper

152 3773 227 3818 vero
251 3757 308 3818 etsi
328 3775 390 3820 non
415 3755 503 3818 habet
534 3753 613 3817 unde
645 3753 749 3817 reddat
769 3754 957 3837 pecuniam,
992 3754 1085 3818 refert
1119 3758 1256 3840 gratiam.

152 3867 186 3930 ln
208 3889 268 3952 quo
292 3876 404 3933 eertum
420 3876 467 3934 est
485 3868 566 3952 quod
588 3869 655 3952 plus
677 3868 800 3950 reddat,
824 3888 913 3952 quarn
936 3872 1087 3953 acceperit
1093 3893 1104 3950 ;
1126 3872 1257 3954 pecunia

152 4019 364 4034 Μ

224 4110 252 4176 1)
270 4110 330 4166 buo.
353 4113 394 4179 14,
417 4111 450 4166 12
468 4128 521 4182 seq.
