2692 4666
155 328 201 394 40
602 319 628 375 s.
647 318 804 375 aucaosn

157 503 213 550 vos
235 490 303 547 ante
326 484 489 568 elegimus,
519 489 551 545 ut
573 483 738 566 diligamus.
782 481 884 562 ltaque
906 481 947 544 illi
975 482 1154 560 necessitate
1182 480 1252 543 dili-

157 605 276 682 guntur,
300 615 377 678 quae
399 613 460 660 non
483 596 554 660 satis
577 597 685 660 idonea
708 602 796 676 atque
819 594 958 660 diuturna
979 601 1025 659 est
1044 595 1080 658 ad
1095 594 1251 678 perpetui-

158 718 247 774 tatem
270 710 412 795 diligendi
433 712 591 794 magistra3
624 729 680 775 vos
709 710 838 791 iudicio,
871 729 930 791 quo
959 729 1097 794 magnum
1123 709 1251 772 caritatis

158 824 275 913 pondus
298 823 335 887 ad
357 825 417 886 vim
439 823 582 908 diligendi
605 824 792 908 adiungitur:
826 825 954 906 probare
983 838 1059 906 quos
1089 823 1195 905 diligas
1225 829 1253 886 et

160 922 285 1023 diligere
308 955 385 1020 quos
407 937 548 1022 elegeris.

559 1136 729 1205 CAPUT
763 1137 854 1204 VHI.

57 1318 61 1327 .
159 1279 258 1332 Nomen
275 1277 352 1330 cilicii
370 1290 420 1329 uon
439 1274 519 1327 solum
531 1274 697 1344 philosophie,
715 1276 762 1328 sed
774 1277 851 1328 ctiam
863 1275 1029 1344 scriptoribus
1042 1274 1122 1326 sacris
1135 1276 1256 1328 usitatum

490 1378 562 1428 cese,
583 1371 609 1414 ct
626 1363 694 1415 unde
712 1363 762 1415 hoc
780 1363 926 1416 deductum.

245 1482 298 1565 25.
334 1498 416 1583 Ergo
439 1499 579 1582 quoniam
593 1517 742 1582 personae
758 1500 947 1581 conveniunt,
970 1500 1133 1582 videamus,
1158 1506 1256 1566 utrum

160 1631 210 1678 res
233 1614 297 1695 ipsa
319 1613 478 1676 conveniat
501 1613 635 1676 scrihere
657 1613 695 1676 de
719 1613 843 1693 officiis,
875 1621 904 1677 et
931 1621 1029 1678 utrum
1059 1615 1117 1680 hoc
1145 1635 1256 1680 nomen

160 1728 404 1812 philosophorum
435 1726 635 1790 antummodo
667 1726 789 1790 scholae
820 1732 918 1807 aptum
950 1727 1004 1808 sit,
1038 1746 1076 1791 an
1107 1729 1194 1792 etiam
1226 1730 1256 1792 in

163 1843 316 1924 scripturis
349 1842 515 1926 reperiatur
548 1840 664 1904 divinis.
716 1840 841 1904 Pulchre
874 1841 992 1923 itaque,
1027 1841 1096 1905 dum
1128 1842 1256 1927 legimus

161 1956 252 2021 hodie
275 1956 480 2041 evangelium,
504 1958 588 2038 quasi
611 1956 818 2020 adhortaretur
840 1955 1107 2037 adscribendum,
1136 1958 1256 2039 spiritus

162 2075 281 2132 sanctus
305 2067 408 2150 optulit
430 2071 516 2133 nohis
543 2069 718 2150 lectionem,
751 2088 809 2151 qua
840 2069 1081 2134 confirmaremur
1109 2073 1197 2135 etiam
1226 2073 1257 2136 in

163 2184 249 2269 ophis
273 2181 401 2246 officium
425 2182 482 2245 diei
503 2201 603 2264 posse.
648 2184 722 2246 Nam
745 2202 812 2246 cum
833 2183 1007 2247 Zaooharias
1030 2183 1173 2249 sacerdos
1196 2186 1255 2249 oh-

152 2280 317 2360 'mutuisset
338 2297 368 2359 in
391 2296 500 2378 templo
525 2303 554 2360 et
568 2297 651 2379 loqui
665 2315 726 2360 non
742 2304 860 2379 posset:
884 2297 1011 2359 Factum
1026 2306 1082 2375 est,
1105 2299 1209 2380 inquit,
1227 2298 1255 2384 Ι)

162 2419 198 2473 ot
218 2411 325 2492 inpleti
346 2419 419 2473 suot
439 2412 505 2474 dies
529 2413 626 2494 officit
649 2413 726 2489 elus,
751 2411 829 2474 obiit
850 2413 884 2474 iro
906 2413 1027 2474 domum
1050 2431 1147 2475 suom.
1191 2412 1255 2476 Le-

164 2525 259 2608 gimus
283 2525 371 2610 igitur
394 2524 522 2589 officium
545 2526 602 2589 dici
625 2545 641 2588 a
664 2526 749 2589 nohis
772 2544 871 2608 posse.

250 2635 301 2703 26.
346 2640 409 2702 Neo
431 2640 506 2703 ratio
530 2641 593 2722 ipsa
609 2639 772 2720 abhorret,
805 2638 1044 2720 quandoquidem
1067 2637 1197 2702 officium
1219 2641 1255 2703 ah

165 2751 322 2814 efficiendo
347 2751 454 2815 dictum
474 2759 607 2834 putamus
631 2754 717 2834 quasi
741 2752 884 2830 elicium3
907 2752 962 2815 sed
977 2760 1100 2836 propter
1116 2754 1257 2818 decorem

165 2867 312 2928 sermonis
342 2885 399 2928 una
429 2869 567 2930 inmutata
596 2867 693 2929 littera
722 2864 849 2928 officium
879 2866 1060 2948 nuncupari,
1091 2868 1141 2930 vel
1163 2874 1255 2949 certe,

165 2981 197 3040 ut
219 2994 255 3039 ea
277 2994 359 3060 agas,
382 2960 553 3060 quae'n'ulli
576 2978 715 3058 olliciant,
737 2978 852 3062 prosint
875 2978 1020 3043 omnihus.

581 3206 750 3275 CAPUT
782 3207 841 3274 IX.

169 3372 283 3428 Officium
301 3372 333 3424 ah
352 3374 460 3427 honesto
481 3383 507 3426 et
524 3374 592 3441 utili,
610 3389 659 3426 nco
677 3389 728 3426 non
746 3374 778 3426 ab
797 3374 928 3427 amborum
946 3375 1011 3428 inter
1029 3392 1057 3429 se
1076 3377 1258 3444 conparatione

168 3461 278 3537 presumi,
302 3460 349 3513 aed
371 3479 386 3514 a
405 3461 551 3516 Christianis
571 3462 646 3529 nihil,
674 3462 742 3533 quod
765 3462 796 3515 ad
821 3463 929 3515 futuram
954 3465 1032 3516 vitam
1057 3478 1108 3515 non
1133 3462 1257 3530 conserat,

167 3549 301 3604 honestum
321 3558 365 3602 aut
381 3549 443 3602 utile
461 3553 566 3620 agnosci
584 3561 660 3622 atquc
679 3552 744 3605 adeo
762 3566 813 3603 non
831 3569 1048 3621 supervacaneum
1067 3551 1121 3604 lore
1140 3552 1206 3604 huno
1226 3552 1258 3603 de

329 3638 333 3647 '
592 3641 675 3692 officio
693 3649 834 3693 tractatum.

255 3780 306 3847 27.
351 3781 456 3847 Ollicia
475 3790 586 3867 ‚putem
619 3782 656 3847 ah
687 3782 813 3849 honesto
845 3793 875 3849 et
908 3784 971 3848 utili
1002 3784 1069 3849 duci
1103 3784 1259 3849 existima-

169 3905 277 3961 verunt
300 3905 330 3960 et
352 3898 390 3962 de
412 3899 458 3964 his
481 3899 595 3970 duobus
619 3899 739 3987 elegere
766 3901 836 3993 quid
865 3906 996 3987 praestet
1003 3919 1012 3980 3
1047 3898 1155 3964 deinde
1178 3900 1257 3968 inui-

172 4049 382 4060 ψ*-

239 4123 266 4190 1)
284 4123 344 4178 Luc.
363 4124 388 4193 1,
406 4124 447 4180 23.
