2692 4666
188 310 251 374 114
633 308 659 361 S.
680 307 834 362 nussnosu

185 470 280 549 iuriis,
303 487 360 551 pro
383 470 489 551 quibus
512 469 679 532 mercedem
704 470 759 532 sibi
781 468 962 534 reddendam
979 471 1184 534 arbitrabatur.
1223 469 1282 536 Sed

185 590 283 648 tamen
313 584 446 666 quamvis
476 581 629 665 perlectus
654 581 749 644 adbuc
773 582 953 662 perfectiora
977 585 1147 664 quaerebat.
1192 585 1281 647 lnca-

184 700 316 762 lesoebal
339 698 462 761 iniuriae
486 697 593 760 dolore
617 697 701 777 quasi
724 697 824 777 bomo,
847 696 902 760 sed
922 699 1061 761 vincebat
1076 698 1180 779 spiritu
1197 698 1282 778 quasi

186 814 283 876 bonus
306 813 408 892 miles,
439 813 583 877 tolerabat
614 815 699 893 quasi
727 813 836 875 athleta
858 812 954 876 fortis.
999 814 1160 875 Patientiae
1183 822 1281 877 autem

185 924 252 987 linis
274 927 489 1007 promissorum
514 926 715 1007 exspectatio,
740 932 771 986 et
792 925 862 988 ideo
888 926 1020 989 dicebat:
1040 923 1070 1010 ¹]
1093 926 1208 989 Notum
1228 929 1281 1009 foe

185 1041 270 1115 mibi,
294 1040 427 1117 domine,
447 1041 536 1120 finem
560 1060 658 1102 meam
681 1050 710 1102 et
732 1060 890 1103 nnmerum
906 1043 1026 1103 dieram
1041 1063 1184 1121 meorum,
1210 1045 1280 1124 qnia

185 1163 250 1232 est,
275 1163 309 1217 nt
331 1156 427 1216 seiam
452 1156 528 1235 qnid
551 1156 633 1217 desit
655 1156 738 1216 mibi.
783 1155 885 1218 Finem
907 1155 986 1218 illum
1009 1158 1125 1238 quaerit
1148 1160 1280 1239 promis·

185 1285 286 1332 sorum
309 1269 491 1347 caelestium,
514 1266 561 1329 vel
585 1267 673 1346 illum,
698 1267 817 1347 qnando
841 1269 1047 1350 unusquisque
1068 1271 1164 1353 surgit
1177 1270 1209 1333 in
1225 1289 1280 1334 suo

186 1384 308 1448 ordine:
325 1380 358 1467 ²]
390 1383 549 1444 Primitiae
575 1381 736 1459 Christos,
769 1383 883 1445 deinde
904 1383 955 1461 bi,
980 1385 1127 1463 quisunt
1151 1384 1280 1464 Christi,

185 1499 238 1578 qui
269 1497 303 1558 in
335 1498 500 1560 aduentum
533 1498 600 1559 eine
633 1498 850 1574 crediderunt,
885 1498 994 1560 deinde
1023 1499 1105 1577 sinis.
1159 1498 1281 1564 Tradite

186 1612 264 1674 enim
295 1630 391 1694 regno
422 1611 479 1673 deo
511 1617 539 1672 et
570 1611 645 1692 patri
678 1619 707 1674 et
737 1613 888 1674 evacuatis
914 1613 1049 1675 omnibus
1072 1614 1280 1695 potestatibuS,

186 1732 218 1788 ut
242 1726 395 1806 apostolus
419 1725 509 1803 dixit,
538 1725 683 1807 perfectio
706 1727 818 1808 incipit.
863 1728 917 1789 Hie
939 1745 1013 1810 ergo
1038 1726 1280 1808 inpedimentum,

185 1840 233 1902 bio
256 1840 406 1902 infirmitas
430 1841 517 1903 etiam
546 1839 766 1922 perlectorum,
799 1841 856 1903 illic
888 1842 976 1922 plena
1005 1841 1162 1922 perfectio.
1208 1840 1280 1904 ldeo

187 1960 217 2016 et
240 1954 304 2016 dies
328 1954 393 2016 illos
417 1954 541 2034 requirit
564 1954 642 2015 vilae
665 1963 823 2033 aeternae,
847 1956 896 2036 qui
920 1963 1007 2034 sunt,
1030 1974 1090 2017 non
1114 1956 1164 2037 qui
1187 1975 1278 2039 prae-

187 2074 314 2147 tereunt,
338 2075 369 2130 ut
393 2074 558 2149 cognoseat
581 2068 650 2149 quid
673 2069 728 2131 sibi
753 2069 838 2147 desit,
863 2088 940 2150 quae
963 2076 1041 2131 terra
1061 2071 1099 2132 sit
1114 2072 1280 2151 repromis-

186 2183 297 2262 sionis,
329 2188 490 2263 perpetuos
524 2179 637 2243 fruetus
671 2180 789 2260 ferens,
823 2200 900 2262 qnae
932 2183 1026 2262 prima
1058 2182 1134 2263 apud
1166 2189 1280 2264 patrem

187 2298 311 2376 mansio,
335 2315 411 2377 quae
435 2296 576 2375 secunda,
601 2315 677 2377 quae
701 2297 794 2373 tertia,
819 2298 848 2358 in
873 2297 978 2377 quibus
1001 2316 1056 2379 pro
1079 2297 1196 2360 ratione
1211 2316 1279 2360 me-

187 2415 310 2475 ritorum
333 2410 537 2491 unusquisque
561 2408 729 2488 requiescit.

274 2522 345 2588 239.
391 2523 440 2586 llla
472 2524 561 2604 igilur
591 2522 677 2584 nobis
706 2521 893 2601 expetenda,
925 2522 955 2583 in
985 2523 1091 2601 quibus
1120 2523 1280 2605 perfectio,

187 2640 218 2702 in
240 2639 345 2720 quibus
368 2639 477 2700 veritas
508 2643 561 2698 est.
607 2634 661 2696 llio
690 2634 809 2712 umbra,
842 2634 889 2696 hie
917 2635 1033 2716 imago,
1067 2634 1127 2696 illio
1157 2636 1278 2698 veritas.

187 2753 295 2816 Umbra
318 2753 347 2812 in
369 2752 455 2833 lege,
472 2747 504 2833 ³]
528 2749 626 2830 imago
650 2748 680 2809 in
704 2747 879 2828 evangelio,
902 2747 1012 2809 veritas
1035 2747 1065 2809 in
1089 2747 1278 2814 caelestibus.

187 2866 267 2930 Ante
301 2883 395 2949 agnus
427 2863 623 2941 oflerebatur,
659 2861 839 2923 offerebatur
873 2860 999 2938 vitulus;
1034 2879 1113 2924 nunc
1145 2861 1281 2927 Cbristus

189 2981 328 3056 offertum
352 2978 406 3042 sed
429 2978 551 3040 offertur
574 2976 660 3057 quasi
682 2975 787 3053 bomo,
813 2976 897 3055 quasi
919 2975 1068 3057 recipiens
1091 2977 1279 3058 passionem3

189 3101 218 3157 et
241 3093 329 3157 ollert
352 3110 385 3155 se
409 3093 473 3173 ipse
497 3091 581 3171 quasi
603 3088 775 3168 sacerdos,
797 3097 829 3152 ut
860 3095 981 3172 peecata
1011 3097 1115 3154 nostra
1146 3090 1279 3171 dimittat,

188 3208 236 3270 bie
259 3208 288 3268 in
310 3206 455 3288 imagine,
485 3204 524 3264 ibi
547 3203 577 3264 in
600 3203 743 3281 veritate,
776 3203 826 3266 ubi
856 3202 934 3283 apud
963 3210 1075 3284 patrem
1106 3222 1162 3286 pro
1193 3207 1280 3271 nobis

190 3321 273 3403 quasi
295 3319 455 3382 advocatus
479 3317 645 3378 intervenit.
690 3316 744 3377 llio
774 3333 849 3399 ergo
877 3316 907 3377 in
936 3315 1064 3398 imagine
1087 3317 1279 3399 ambulamus,

189 3435 219 3498 in
242 3435 370 3517 imagine
392 3429 543 3493 videmus:
574 3429 614 3490 ibi
635 3427 711 3491 facie
735 3427 771 3490 ad
795 3427 917 3505 faeiem,
940 3429 990 3490 nbi
1012 3429 1101 3510 plena
1123 3431 1279 3514 perfectio,

191 3549 258 3630 quia
279 3545 425 3631 persentio
449 3544 544 3607 omnis
566 3543 595 3604 in
619 3542 744 3605 veritate
769 3548 822 3606 est.

191 3701 396 3715 ...u—-u-

263 3792 290 3860 l)
309 3790 398 3844 Psalm.
419 3789 462 3853 38,
481 3789 505 3839 5.
575 3786 604 3849 2)
625 3782 647 3837 l.
667 3781 726 3838 Cor.
747 3783 788 3849 15,
807 3783 849 3836 23.
922 3783 951 3851 3)
968 3784 1044 3838 llebr.
1066 3784 1139 3850 10,1
1161 3803 1218 3856 seq.

631 4071 834 4080 ..maa—an—
