<?xml version="1.0" encoding="UTF-8"?>
<!DOCTYPE html PUBLIC "-//W3C//DTD XHTML 1.0 Transitional//EN"
    "http://www.w3.org/TR/xhtml1/DTD/xhtml1-transitional.dtd">
<html xmlns="http://www.w3.org/1999/xhtml" xml:lang="en" lang="en">
 <head>
  <title>
</title>
<meta http-equiv="Content-Type" content="text/html;charset=utf-8" />
  <meta name='ocr-system' content='tesseract 3.04.00' />
  <meta name='ocr-capabilities' content='ocr_page ocr_carea ocr_par ocr_line ocrx_word'/>
</head>
<body>
  <div class='ocr_page' id='page_1' title='image "./deofficiisminis00krabgoog_0172.png"; bbox 0 0 2692 4666; ppageno 0'>
   <div class='ocr_carea' id='block_1_1' title="bbox 272 292 1180 388">
    <p class='ocr_par' dir='ltr' id='par_1_1' title="bbox 272 292 1180 388">
     <span class='ocr_line' id='line_1_1' title="bbox 272 292 1180 388; baseline 0.002 -11"><span class='ocrx_word' id='word_1_1' title='bbox 272 334 276 339; x_wconf 90' lang='lat'>·</span> <span class='ocrx_word' id='word_1_2' title='bbox 328 320 375 377; x_wconf 82' lang='lat' dir='ltr'><strong>oe</strong></span> <span class='ocrx_word' id='word_1_3' title='bbox 395 292 533 378; x_wconf 84' lang='lat' dir='ltr'><strong>orrrcus</strong></span> <span class='ocrx_word' id='word_1_4' title='bbox 552 318 774 376; x_wconf 77' lang='lat' dir='ltr'><strong>mucramtur</strong></span> <span class='ocrx_word' id='word_1_5' title='bbox 791 318 889 376; x_wconf 78' lang='lat' dir='ltr'><strong>amun</strong></span> <span class='ocrx_word' id='word_1_6' title='bbox 906 320 937 376; x_wconf 89' lang='lat' dir='ltr'><strong>n</strong></span> <span class='ocrx_word' id='word_1_7' title='bbox 1118 323 1180 388; x_wconf 81' lang='lat' dir='ltr'><strong>tos</strong></span> 
     </span>
    </p>
   </div>
   <div class='ocr_carea' id='block_1_2' title="bbox 79 479 1183 788">
    <p class='ocr_par' dir='ltr' id='par_1_2' title="bbox 79 479 1183 788">
     <span class='ocr_line' id='line_1_2' title="bbox 79 479 1181 562; baseline -0.01 -11"><span class='ocrx_word' id='word_1_8' title='bbox 79 486 161 551; x_wconf 72' lang='lat' dir='ltr'><strong>uisu</strong></span> <span class='ocrx_word' id='word_1_9' title='bbox 176 482 230 549; x_wconf 86' lang='lat' dir='ltr'><strong>-lrlo</strong></span> <span class='ocrx_word' id='word_1_10' title='bbox 245 484 336 549; x_wconf 82' lang='lat' dir='ltr'><strong>bomo</strong></span> <span class='ocrx_word' id='word_1_11' title='bbox 354 497 453 562; x_wconf 83' lang='lat' dir='ltr'><strong>neque</strong></span> <span class='ocrx_word' id='word_1_12' title='bbox 470 479 501 542; x_wconf 90' lang='lat' dir='ltr'><strong>in</strong></span> <span class='ocrx_word' id='word_1_13' title='bbox 520 479 694 562; x_wconf 91' lang='lat' dir='ltr'><strong>principem,</strong></span> <span class='ocrx_word' id='word_1_14' title='bbox 716 497 815 561; x_wconf 82' lang='lat' dir='ltr'><strong>neque</strong></span> <span class='ocrx_word' id='word_1_15' title='bbox 834 480 865 542; x_wconf 93' lang='lat' dir='ltr'><strong>in</strong></span> <span class='ocrx_word' id='word_1_16' title='bbox 883 479 988 543; x_wconf 91' lang='lat' dir='ltr'><strong>ducem</strong></span> <span class='ocrx_word' id='word_1_17' title='bbox 1009 480 1067 544; x_wconf 89' lang='lat' dir='ltr'><strong>erit</strong></span> <span class='ocrx_word' id='word_1_18' title='bbox 1082 479 1181 543; x_wconf 89' lang='lat' dir='ltr'><strong>nobis.</strong></span> 
     </span>
     <span class='ocr_line' id='line_1_3' title="bbox 79 589 1183 676; baseline -0.002 -19"><span class='ocrx_word' id='word_1_19' title='bbox 79 594 184 676; x_wconf 80' lang='lat' dir='ltr'><strong>ltaque</strong></span> <span class='ocrx_word' id='word_1_20' title='bbox 214 590 353 659; x_wconf 65' lang='lat' dir='ltr'><strong>desem</strong></span> <span class='ocrx_word' id='word_1_21' title='bbox 382 590 534 672; x_wconf 84' lang='lat' dir='ltr'><strong>apopulo</strong></span> <span class='ocrx_word' id='word_1_22' title='bbox 564 607 600 652; x_wconf 85' lang='lat' dir='ltr'><strong>ac</strong></span> <span class='ocrx_word' id='word_1_23' title='bbox 630 589 787 654; x_wconf 88' lang='lat' dir='ltr'><strong>destitutus</strong></span> <span class='ocrx_word' id='word_1_24' title='bbox 818 593 870 654; x_wconf 82' lang='lat' dir='ltr'><strong>vix</strong></span> <span class='ocrx_word' id='word_1_25' title='bbox 902 590 1024 655; x_wconf 91' lang='lat' dir='ltr'><strong>duarum</strong></span> <span class='ocrx_word' id='word_1_26' title='bbox 1054 591 1183 668; x_wconf 78' lang='lat' dir='ltr'><strong>tribuum</strong></span> 
     </span>
     <span class='ocr_line' id='line_1_4' title="bbox 80 702 938 788; baseline -0.008 -18"><span class='ocrx_word' id='word_1_27' title='bbox 80 712 205 788; x_wconf 89' lang='lat' dir='ltr'><strong>propter</strong></span> <span class='ocrx_word' id='word_1_28' title='bbox 226 702 321 769; x_wconf 82' lang='lat' dir='ltr'><strong>Derid</strong></span> <span class='ocrx_word' id='word_1_29' title='bbox 342 703 480 767; x_wconf 91' lang='lat' dir='ltr'><strong>meritum</strong></span> <span class='ocrx_word' id='word_1_30' title='bbox 502 703 616 766; x_wconf 88' lang='lat' dir='ltr'><strong>habere</strong></span> <span class='ocrx_word' id='word_1_31' title='bbox 638 702 734 784; x_wconf 91' lang='lat' dir='ltr'><strong>potuit</strong></span> <span class='ocrx_word' id='word_1_32' title='bbox 756 703 938 766; x_wconf 86' lang='lat' dir='ltr'><strong>societatem.</strong></span> 
     </span>
    </p>
   </div>
   <div class='ocr_carea' id='block_1_3' title="bbox 483 880 781 948">
    <p class='ocr_par' dir='ltr' id='par_1_3' title="bbox 483 880 781 948">
     <span class='ocr_line' id='line_1_5' title="bbox 483 880 781 948; baseline -0.007 0"><span class='ocrx_word' id='word_1_33' title='bbox 483 880 654 948; x_wconf 82' lang='lat' dir='ltr'><strong>CAPUT</strong></span> <span class='ocrx_word' id='word_1_34' title='bbox 687 882 781 948; x_wconf 92' lang='lat' dir='ltr'><strong>XIX.</strong></span> 
     </span>
    </p>
   </div>
   <div class='ocr_carea' id='block_1_4' title="bbox 41 1027 1184 3344">
    <p class='ocr_par' dir='ltr' id='par_1_4' title="bbox 80 1027 1182 1169">
     <span class='ocr_line' id='line_1_6' title="bbox 80 1027 1182 1098; baseline -0.002 -16"><span class='ocrx_word' id='word_1_35' title='bbox 80 1029 178 1084; x_wconf 76' lang='lat' dir='ltr'><strong>lustitia</strong></span> <span class='ocrx_word' id='word_1_36' title='bbox 191 1038 218 1084; x_wconf 89' lang='lat' dir='ltr'><strong>et</strong></span> <span class='ocrx_word' id='word_1_37' title='bbox 228 1029 400 1083; x_wconf 84' lang='lat' dir='ltr'><strong>beniuolentia</strong></span> <span class='ocrx_word' id='word_1_38' title='bbox 414 1037 440 1081; x_wconf 91' lang='lat' dir='ltr'><strong>ct</strong></span> <span class='ocrx_word' id='word_1_39' title='bbox 452 1028 600 1082; x_wconf 77' lang='lat' dir='ltr'><strong>affabilitate</strong></span> <span class='ocrx_word' id='word_1_40' title='bbox 618 1030 739 1098; x_wconf 89' lang='lat' dir='ltr'><strong>plurimos</strong></span> <span class='ocrx_word' id='word_1_41' title='bbox 757 1028 895 1094; x_wconf 87' lang='lat' dir='ltr'><strong>conciliari,</strong></span> <span class='ocrx_word' id='word_1_42' title='bbox 914 1027 959 1081; x_wconf 88' lang='lat' dir='ltr'><strong>sed</strong></span> <span class='ocrx_word' id='word_1_43' title='bbox 975 1027 1040 1080; x_wconf 88' lang='lat' dir='ltr'><strong>hauc</strong></span> <span class='ocrx_word' id='word_1_44' title='bbox 1056 1029 1182 1081; x_wconf 84' lang='lat' dir='ltr'><strong>sinceram</strong></span> 
     </span>
     <span class='ocr_line' id='line_1_7' title="bbox 538 1116 719 1169; baseline 0 -1"><span class='ocrx_word' id='word_1_45' title='bbox 538 1133 596 1169; x_wconf 85' lang='lat' dir='ltr'><strong>osse</strong></span> <span class='ocrx_word' id='word_1_46' title='bbox 615 1116 719 1169; x_wconf 85' lang='lat' dir='ltr'><strong>debore.</strong></span> 
     </span>
    </p>

    <p class='ocr_par' dir='ltr' id='par_1_5' title="bbox 79 1239 1182 2001">
     <span class='ocr_line' id='line_1_8' title="bbox 169 1239 1182 1327; baseline -0.003 -21"><span class='ocrx_word' id='word_1_47' title='bbox 169 1239 221 1306; x_wconf 86' lang='grc'><strong>95.</strong></span> <span class='ocrx_word' id='word_1_48' title='bbox 266 1242 364 1306; x_wconf 79' lang='lat' dir='ltr'><strong>claret</strong></span> <span class='ocrx_word' id='word_1_49' title='bbox 386 1260 462 1327; x_wconf 80' lang='lat' dir='ltr'><strong>ergo</strong></span> <span class='ocrx_word' id='word_1_50' title='bbox 492 1241 630 1322; x_wconf 83' lang='lat' dir='ltr'><strong>quonism</strong></span> <span class='ocrx_word' id='word_1_51' title='bbox 654 1247 684 1303; x_wconf 91' lang='lat' dir='ltr'><strong>et</strong></span> <span class='ocrx_word' id='word_1_52' title='bbox 706 1241 840 1321; x_wconf 86' lang='lat' dir='ltr'><strong>aequitas</strong></span> <span class='ocrx_word' id='word_1_53' title='bbox 872 1240 994 1322; x_wconf 93' lang='lat' dir='ltr'><strong>imperia</strong></span> <span class='ocrx_word' id='word_1_54' title='bbox 1026 1240 1182 1303; x_wconf 86' lang='lat' dir='ltr'><strong>confirmet</strong></span> 
     </span>
     <span class='ocr_line' id='line_1_9' title="bbox 79 1353 1181 1435; baseline -0.006 -14"><span class='ocrx_word' id='word_1_55' title='bbox 79 1363 111 1421; x_wconf 84' lang='lat' dir='ltr'><strong>et</strong></span> <span class='ocrx_word' id='word_1_56' title='bbox 132 1356 272 1419; x_wconf 89' lang='lat' dir='ltr'><strong>iniustitia</strong></span> <span class='ocrx_word' id='word_1_57' title='bbox 295 1356 447 1419; x_wconf 83' lang='lat' dir='ltr'><strong>dissolvat.</strong></span> <span class='ocrx_word' id='word_1_58' title='bbox 491 1355 565 1416; x_wconf 82' lang='lat' dir='ltr'><strong>Num</strong></span> <span class='ocrx_word' id='word_1_59' title='bbox 599 1353 751 1434; x_wconf 92' lang='lat' dir='ltr'><strong>quomodo</strong></span> <span class='ocrx_word' id='word_1_60' title='bbox 781 1359 881 1434; x_wconf 90' lang='lat' dir='ltr'><strong>potest</strong></span> <span class='ocrx_word' id='word_1_61' title='bbox 913 1353 1020 1415; x_wconf 89' lang='lat' dir='ltr'><strong>malitia</strong></span> <span class='ocrx_word' id='word_1_62' title='bbox 1054 1371 1181 1435; x_wconf 83' lang='lat' dir='ltr'><strong>regnum</strong></span> 
     </span>
     <span class='ocr_line' id='line_1_10' title="bbox 79 1465 1181 1551; baseline -0.005 -19"><span class='ocrx_word' id='word_1_63' title='bbox 79 1467 249 1551; x_wconf 89' lang='lat' dir='ltr'><strong>possidere,</strong></span> <span class='ocrx_word' id='word_1_64' title='bbox 271 1487 403 1550; x_wconf 90' lang='lat' dir='ltr'><strong>quaene</strong></span> <span class='ocrx_word' id='word_1_65' title='bbox 418 1487 506 1531; x_wconf 89' lang='lat' dir='ltr'><strong>unam</strong></span> <span class='ocrx_word' id='word_1_66' title='bbox 529 1466 649 1548; x_wconf 86' lang='lat' dir='ltr'><strong>quidem</strong></span> <span class='ocrx_word' id='word_1_67' title='bbox 672 1467 816 1547; x_wconf 87' lang='lat' dir='ltr'><strong>privatam</strong></span> <span class='ocrx_word' id='word_1_68' title='bbox 838 1471 938 1547; x_wconf 91' lang='lat' dir='ltr'><strong>potest</strong></span> <span class='ocrx_word' id='word_1_69' title='bbox 959 1483 1069 1547; x_wconf 82' lang='lat' dir='ltr'><strong>regere</strong></span> <span class='ocrx_word' id='word_1_70' title='bbox 1091 1465 1181 1528; x_wconf 80' lang='lat' dir='ltr'><strong>lami-</strong></span> 
     </span>
     <span class='ocr_line' id='line_1_11' title="bbox 79 1578 1181 1666; baseline -0.005 -21"><span class='ocrx_word' id='word_1_71' title='bbox 79 1581 173 1645; x_wconf 85' lang='lat' dir='ltr'><strong>liam‘l</strong></span> <span class='ocrx_word' id='word_1_72' title='bbox 218 1581 335 1646; x_wconf 91' lang='lat' dir='ltr'><strong>Summa</strong></span> <span class='ocrx_word' id='word_1_73' title='bbox 358 1582 448 1666; x_wconf 80' lang='lat' dir='ltr'><strong>igitur</strong></span> <span class='ocrx_word' id='word_1_74' title='bbox 470 1581 652 1664; x_wconf 74' lang='lat' dir='ltr'>benignitate</span> <span class='ocrx_word' id='word_1_75' title='bbox 676 1597 751 1660; x_wconf 91' lang='lat' dir='ltr'><strong>opus</strong></span> <span class='ocrx_word' id='word_1_76' title='bbox 774 1585 835 1658; x_wconf 87' lang='lat' dir='ltr'><strong>est,</strong></span> <span class='ocrx_word' id='word_1_77' title='bbox 864 1585 894 1641; x_wconf 93' lang='lat' dir='ltr'><strong>ut</strong></span> <span class='ocrx_word' id='word_1_78' title='bbox 918 1596 979 1640; x_wconf 92' lang='lat' dir='ltr'><strong>non</strong></span> <span class='ocrx_word' id='word_1_79' title='bbox 1002 1578 1099 1641; x_wconf 91' lang='lat' dir='ltr'><strong>solum</strong></span> <span class='ocrx_word' id='word_1_80' title='bbox 1121 1595 1181 1659; x_wconf 94' lang='lat' dir='ltr'><strong>pu·</strong></span> 
     </span>
     <span class='ocr_line' id='line_1_12' title="bbox 79 1690 1181 1776; baseline -0.005 -19"><span class='ocrx_word' id='word_1_81' title='bbox 79 1693 157 1757; x_wconf 84' lang='lat' dir='ltr'><strong>blica</strong></span> <span class='ocrx_word' id='word_1_82' title='bbox 178 1693 399 1776; x_wconf 76' lang='lat' dir='ltr'><strong>gubernacula,</strong></span> <span class='ocrx_word' id='word_1_83' title='bbox 423 1692 477 1756; x_wconf 92' lang='lat' dir='ltr'><strong>sed</strong></span> <span class='ocrx_word' id='word_1_84' title='bbox 500 1693 589 1756; x_wconf 89' lang='lat' dir='ltr'><strong>etiam</strong></span> <span class='ocrx_word' id='word_1_85' title='bbox 610 1693 724 1774; x_wconf 90' lang='lat' dir='ltr'><strong>privata</strong></span> <span class='ocrx_word' id='word_1_86' title='bbox 747 1692 811 1754; x_wconf 90' lang='lat' dir='ltr'><strong>iura</strong></span> <span class='ocrx_word' id='word_1_87' title='bbox 835 1697 991 1771; x_wconf 69' lang='lat' dir='ltr'><strong>tueamur</strong></span> <span class='ocrx_word' id='word_1_88' title='bbox 1023 1690 1181 1753; x_wconf 87' lang='lat' dir='ltr'><strong>Plurimum</strong></span> 
     </span>
     <span class='ocr_line' id='line_1_13' title="bbox 80 1802 1182 1886; baseline -0.003 -19"><span class='ocrx_word' id='word_1_89' title='bbox 80 1807 163 1869; x_wconf 86' lang='lat' dir='ltr'><strong>iurat</strong></span> <span class='ocrx_word' id='word_1_90' title='bbox 183 1804 402 1885; x_wconf 83' lang='lat' dir='ltr'><strong>benivolentia,</strong></span> <span class='ocrx_word' id='word_1_91' title='bbox 425 1823 502 1886; x_wconf 87' lang='lat' dir='ltr'><strong>quae</strong></span> <span class='ocrx_word' id='word_1_92' title='bbox 526 1821 630 1869; x_wconf 91' lang='lat' dir='ltr'><strong>omnes</strong></span> <span class='ocrx_word' id='word_1_93' title='bbox 653 1802 751 1868; x_wconf 77' lang='lat' dir='ltr'><strong>studet</strong></span> <span class='ocrx_word' id='word_1_94' title='bbox 773 1803 926 1866; x_wconf 83' lang='lat' dir='ltr'><strong>beneficiis</strong></span> <span class='ocrx_word' id='word_1_95' title='bbox 949 1802 1101 1884; x_wconf 76' lang='lat' dir='ltr'><strong>amplecti,</strong></span> <span class='ocrx_word' id='word_1_96' title='bbox 1124 1803 1182 1864; x_wconf 91' lang='lat' dir='ltr'><strong>de-</strong></span> 
     </span>
     <span class='ocr_line' id='line_1_14' title="bbox 79 1916 695 2001; baseline 0 -23"><span class='ocrx_word' id='word_1_97' title='bbox 79 1917 195 1980; x_wconf 81' lang='lat' dir='ltr'><strong>vincire</strong></span> <span class='ocrx_word' id='word_1_98' title='bbox 217 1916 341 1998; x_wconf 86' lang='lat' dir='ltr'><strong>officiis,</strong></span> <span class='ocrx_word' id='word_1_99' title='bbox 366 1919 567 2001; x_wconf 81' lang='lat' dir='ltr'><strong>oppignerare</strong></span> <span class='ocrx_word' id='word_1_100' title='bbox 588 1917 695 1999; x_wconf 78' lang='lat' dir='ltr'><strong>gratia.</strong></span> 
     </span>
    </p>

    <p class='ocr_par' dir='ltr' id='par_1_6' title="bbox 41 2024 1184 3344">
     <span class='ocr_line' id='line_1_15' title="bbox 167 2024 1180 2109; baseline -0.005 -18"><span class='ocrx_word' id='word_1_101' title='bbox 167 2024 219 2092; x_wconf 85' lang='grc'><strong>96.</strong></span> <span class='ocrx_word' id='word_1_102' title='bbox 262 2026 473 2091; x_wconf 77' lang='lat' dir='ltr'><strong>Affabititatem</strong></span> <span class='ocrx_word' id='word_1_103' title='bbox 495 2045 616 2109; x_wconf 87' lang='lat' dir='ltr'><strong>quoque</strong></span> <span class='ocrx_word' id='word_1_104' title='bbox 633 2028 786 2091; x_wconf 71' lang='lat' dir='ltr'><strong>,sermonis</strong></span> <span class='ocrx_word' id='word_1_105' title='bbox 809 2026 936 2090; x_wconf 81' lang='lat' dir='ltr'><strong>diximus</strong></span> <span class='ocrx_word' id='word_1_106' title='bbox 957 2025 1180 2089; x_wconf 89' lang='lat' dir='ltr'><strong>adconoilian-</strong></span> 
     </span>
     <span class='ocr_line' id='line_1_16' title="bbox 79 2136 1180 2223; baseline -0.002 -22"><span class='ocrx_word' id='word_1_107' title='bbox 79 2137 146 2202; x_wconf 88' lang='lat' dir='ltr'><strong>dam</strong></span> <span class='ocrx_word' id='word_1_108' title='bbox 175 2140 301 2222; x_wconf 82' lang='lat' dir='ltr'><strong>gratiam</strong></span> <span class='ocrx_word' id='word_1_109' title='bbox 329 2140 433 2205; x_wconf 83' lang='lat' dir='ltr'><strong>uslere</strong></span> <span class='ocrx_word' id='word_1_110' title='bbox 462 2139 628 2223; x_wconf 84' lang='lat' dir='ltr'><strong>plurimum.</strong></span> <span class='ocrx_word' id='word_1_111' title='bbox 675 2139 735 2205; x_wconf 90' lang='lat' dir='ltr'><strong>Sed</strong></span> <span class='ocrx_word' id='word_1_112' title='bbox 758 2139 835 2201; x_wconf 86' lang='lat' dir='ltr'><strong>hanc</strong></span> <span class='ocrx_word' id='word_1_113' title='bbox 860 2139 998 2201; x_wconf 86' lang='lat' dir='ltr'><strong>volumus</strong></span> <span class='ocrx_word' id='word_1_114' title='bbox 1022 2155 1091 2201; x_wconf 92' lang='lat' dir='ltr'><strong>esse</strong></span> <span class='ocrx_word' id='word_1_115' title='bbox 1114 2136 1180 2200; x_wconf 90' lang='lat' dir='ltr'><strong>sin-</strong></span> 
     </span>
     <span class='ocr_line' id='line_1_17' title="bbox 79 2249 1182 2332; baseline -0.003 -18"><span class='ocrx_word' id='word_1_116' title='bbox 79 2269 180 2314; x_wconf 89' lang='lat' dir='ltr'><strong>ceram</strong></span> <span class='ocrx_word' id='word_1_117' title='bbox 202 2268 238 2314; x_wconf 84' lang='lat' dir='ltr'><strong>ac</strong></span> <span class='ocrx_word' id='word_1_118' title='bbox 259 2252 407 2332; x_wconf 88' lang='lat' dir='ltr'><strong>sobriam,</strong></span> <span class='ocrx_word' id='word_1_119' title='bbox 437 2252 504 2315; x_wconf 90' lang='lat' dir='ltr'><strong>siue</strong></span> <span class='ocrx_word' id='word_1_120' title='bbox 534 2251 593 2315; x_wconf 88' lang='lat' dir='ltr'><strong>ulla</strong></span> <span class='ocrx_word' id='word_1_121' title='bbox 622 2249 809 2331; x_wconf 78' lang='lat' dir='ltr'><strong>adulatione,</strong></span> <span class='ocrx_word' id='word_1_122' title='bbox 838 2268 879 2314; x_wconf 91' lang='lat' dir='ltr'><strong>ne</strong></span> <span class='ocrx_word' id='word_1_123' title='bbox 909 2251 1124 2332; x_wconf 89' lang='lat' dir='ltr'><strong>simplicitatem</strong></span> <span class='ocrx_word' id='word_1_124' title='bbox 1146 2266 1182 2312; x_wconf 91' lang='lat' dir='ltr'><strong>ac</strong></span> 
     </span>
     <span class='ocr_line' id='line_1_18' title="bbox 78 2363 1181 2446; baseline -0.002 -21"><span class='ocrx_word' id='word_1_125' title='bbox 78 2364 235 2443; x_wconf 90' lang='lat' dir='ltr'><strong>puritatem</strong></span> <span class='ocrx_word' id='word_1_126' title='bbox 255 2364 375 2446; x_wconf 83' lang='lat' dir='ltr'><strong>alloquii</strong></span> <span class='ocrx_word' id='word_1_127' title='bbox 398 2365 545 2428; x_wconf 74' lang='lat' dir='ltr'><strong>dedeceat</strong></span> <span class='ocrx_word' id='word_1_128' title='bbox 566 2365 715 2429; x_wconf 89' lang='lat' dir='ltr'><strong>sermonis</strong></span> <span class='ocrx_word' id='word_1_129' title='bbox 736 2363 882 2440; x_wconf 83' lang='lat' dir='ltr'><strong>adulati03</strong></span> <span class='ocrx_word' id='word_1_130' title='bbox 907 2364 1001 2427; x_wconf 79' lang='lat' dir='ltr'><strong>torma</strong></span> <span class='ocrx_word' id='word_1_131' title='bbox 1018 2364 1096 2425; x_wconf 87' lang='lat' dir='ltr'><strong>enim</strong></span> <span class='ocrx_word' id='word_1_132' title='bbox 1111 2379 1181 2424; x_wconf 91' lang='lat' dir='ltr'><strong>esse</strong></span> 
     </span>
     <span class='ocr_line' id='line_1_19' title="bbox 70 2476 1183 2558; baseline -0.003 -20"><span class='ocrx_word' id='word_1_133' title='bbox 70 2476 225 2539; x_wconf 87' lang='lat' dir='ltr'><strong>&#39;debemus</strong></span> <span class='ocrx_word' id='word_1_134' title='bbox 254 2480 364 2542; x_wconf 89' lang='lat' dir='ltr'><strong>ceteris</strong></span> <span class='ocrx_word' id='word_1_135' title='bbox 389 2497 450 2541; x_wconf 93' lang='lat' dir='ltr'><strong>non</strong></span> <span class='ocrx_word' id='word_1_136' title='bbox 473 2479 570 2542; x_wconf 93' lang='lat' dir='ltr'><strong>solum</strong></span> <span class='ocrx_word' id='word_1_137' title='bbox 593 2479 622 2540; x_wconf 94' lang='lat' dir='ltr'><strong>in</strong></span> <span class='ocrx_word' id='word_1_138' title='bbox 647 2496 757 2558; x_wconf 90' lang='lat' dir='ltr'><strong>opere,</strong></span> <span class='ocrx_word' id='word_1_139' title='bbox 792 2478 846 2539; x_wconf 91' lang='lat' dir='ltr'><strong>sed</strong></span> <span class='ocrx_word' id='word_1_140' title='bbox 870 2477 956 2538; x_wconf 90' lang='lat' dir='ltr'><strong>etiam</strong></span> <span class='ocrx_word' id='word_1_141' title='bbox 980 2476 1009 2537; x_wconf 90' lang='lat' dir='ltr'><strong>in</strong></span> <span class='ocrx_word' id='word_1_142' title='bbox 1032 2491 1183 2551; x_wconf 87' lang='lat' dir='ltr'><strong>sermone,</strong></span> 
     </span>
     <span class='ocr_line' id='line_1_20' title="bbox 78 2588 1184 2668; baseline -0.004 -18"><span class='ocrx_word' id='word_1_143' title='bbox 78 2589 110 2651; x_wconf 94' lang='lat' dir='ltr'><strong>in</strong></span> <span class='ocrx_word' id='word_1_144' title='bbox 132 2589 270 2652; x_wconf 87' lang='lat' dir='ltr'><strong>castitate</strong></span> <span class='ocrx_word' id='word_1_145' title='bbox 292 2608 328 2653; x_wconf 93' lang='lat' dir='ltr'><strong>ac</strong></span> <span class='ocrx_word' id='word_1_146' title='bbox 350 2590 418 2654; x_wconf 87' lang='lat' dir='ltr'><strong>fide.</strong></span> <span class='ocrx_word' id='word_1_147' title='bbox 464 2592 575 2665; x_wconf 82' lang='lat' dir='ltr'><strong>Quales</strong></span> <span class='ocrx_word' id='word_1_148' title='bbox 597 2591 702 2653; x_wconf 90' lang='lat' dir='ltr'><strong>baberi</strong></span> <span class='ocrx_word' id='word_1_149' title='bbox 724 2590 878 2668; x_wconf 89' lang='lat' dir='ltr'><strong>volumus,</strong></span> <span class='ocrx_word' id='word_1_150' title='bbox 909 2588 982 2650; x_wconf 89' lang='lat' dir='ltr'><strong>tales</strong></span> <span class='ocrx_word' id='word_1_151' title='bbox 1013 2588 1121 2664; x_wconf 89' lang='lat' dir='ltr'><strong>simus,</strong></span> <span class='ocrx_word' id='word_1_152' title='bbox 1152 2589 1184 2646; x_wconf 86' lang='lat' dir='ltr'><strong>et</strong></span> 
     </span>
     <span class='ocr_line' id='line_1_21' title="bbox 79 2698 1181 2782; baseline -0.004 -20"><span class='ocrx_word' id='word_1_153' title='bbox 79 2699 197 2781; x_wconf 88' lang='lat' dir='ltr'><strong>qualem</strong></span> <span class='ocrx_word' id='word_1_154' title='bbox 220 2700 358 2763; x_wconf 85' lang='lat' dir='ltr'><strong>allectum</strong></span> <span class='ocrx_word' id='word_1_155' title='bbox 387 2703 547 2781; x_wconf 88' lang='lat' dir='ltr'><strong>habemus,</strong></span> <span class='ocrx_word' id='word_1_156' title='bbox 579 2703 669 2765; x_wconf 90' lang='lat' dir='ltr'><strong>talem</strong></span> <span class='ocrx_word' id='word_1_157' title='bbox 697 2701 873 2782; x_wconf 89' lang='lat' dir='ltr'><strong>aperiamus.</strong></span> <span class='ocrx_word' id='word_1_158' title='bbox 917 2698 1023 2779; x_wconf 85' lang='lat' dir='ltr'><strong>Neque</strong></span> <span class='ocrx_word' id='word_1_159' title='bbox 1049 2698 1181 2759; x_wconf 90' lang='lat' dir='ltr'><strong>dicamus</strong></span> 
     </span>
     <span class='ocr_line' id='line_1_22' title="bbox 80 2809 1183 2893; baseline -0.003 -19"><span class='ocrx_word' id='word_1_160' title='bbox 80 2813 111 2874; x_wconf 92' lang='lat' dir='ltr'><strong>in</strong></span> <span class='ocrx_word' id='word_1_161' title='bbox 147 2810 239 2873; x_wconf 90' lang='lat' dir='ltr'><strong>corde</strong></span> <span class='ocrx_word' id='word_1_162' title='bbox 273 2816 377 2875; x_wconf 86' lang='lat' dir='ltr'><strong>nostro</strong></span> <span class='ocrx_word' id='word_1_163' title='bbox 412 2813 536 2874; x_wconf 87' lang='lat' dir='ltr'><strong>verbum</strong></span> <span class='ocrx_word' id='word_1_164' title='bbox 569 2813 717 2893; x_wconf 87' lang='lat' dir='ltr'><strong>iniquum,</strong></span> <span class='ocrx_word' id='word_1_165' title='bbox 754 2810 834 2891; x_wconf 89' lang='lat' dir='ltr'><strong>quod</strong></span> <span class='ocrx_word' id='word_1_166' title='bbox 868 2809 1010 2872; x_wconf 86' lang='lat' dir='ltr'><strong>abscondi</strong></span> <span class='ocrx_word' id='word_1_167' title='bbox 1043 2815 1183 2891; x_wconf 91' lang='lat' dir='ltr'><strong>putemus</strong></span> 
     </span>
     <span class='ocr_line' id='line_1_23' title="bbox 79 2919 1182 3005; baseline -0.002 -20"><span class='ocrx_word' id='word_1_168' title='bbox 79 2923 216 3003; x_wconf 91' lang='lat' dir='ltr'><strong>silentio,</strong></span> <span class='ocrx_word' id='word_1_169' title='bbox 239 2925 307 3005; x_wconf 88' lang='lat' dir='ltr'><strong>quia</strong></span> <span class='ocrx_word' id='word_1_170' title='bbox 328 2921 409 2987; x_wconf 87' lang='lat' dir='ltr'><strong>audit</strong></span> <span class='ocrx_word' id='word_1_171' title='bbox 432 2924 462 2986; x_wconf 92' lang='lat' dir='ltr'><strong>in</strong></span> <span class='ocrx_word' id='word_1_172' title='bbox 485 2925 603 2988; x_wconf 89' lang='lat' dir='ltr'><strong>occulto</strong></span> <span class='ocrx_word' id='word_1_173' title='bbox 627 2924 703 2986; x_wconf 90' lang='lat' dir='ltr'><strong>dicta</strong></span> <span class='ocrx_word' id='word_1_174' title='bbox 726 2924 777 3005; x_wconf 85' lang='lat' dir='ltr'><strong>qui</strong></span> <span class='ocrx_word' id='word_1_175' title='bbox 800 2922 915 2987; x_wconf 90' lang='lat' dir='ltr'><strong>occulta</strong></span> <span class='ocrx_word' id='word_1_176' title='bbox 946 2919 1033 2997; x_wconf 82' lang='lat' dir='ltr'><strong>fecit3</strong></span> <span class='ocrx_word' id='word_1_177' title='bbox 1052 2927 1098 2997; x_wconf 46' lang='lat' dir='ltr'><strong>,et</strong></span> <span class='ocrx_word' id='word_1_178' title='bbox 1125 2937 1182 2983; x_wconf 93' lang='lat' dir='ltr'><strong>co-</strong></span> 
     </span>
     <span class='ocr_line' id='line_1_24' title="bbox 41 3032 1181 3125; baseline -0.003 -26"><span class='ocrx_word' id='word_1_179' title='bbox 41 3110 48 3125; x_wconf 37' lang='grc' dir='ltr'><em>Ι</em></span> <span class='ocrx_word' id='word_1_180' title='bbox 78 3036 201 3118; x_wconf 75' lang='lat' dir='ltr'><strong>gnoson</strong></span> <span class='ocrx_word' id='word_1_181' title='bbox 221 3042 338 3099; x_wconf 85' lang='lat' dir='ltr'><strong>secreto</strong></span> <span class='ocrx_word' id='word_1_182' title='bbox 360 3036 509 3100; x_wconf 89' lang='lat' dir='ltr'><strong>viscerum</strong></span> <span class='ocrx_word' id='word_1_183' title='bbox 532 3038 583 3118; x_wconf 90' lang='lat' dir='ltr'><strong>qui</strong></span> <span class='ocrx_word' id='word_1_184' title='bbox 605 3054 728 3101; x_wconf 90' lang='lat' dir='ltr'><strong>sensum</strong></span> <span class='ocrx_word' id='word_1_185' title='bbox 752 3036 917 3099; x_wconf 82' lang='lat' dir='ltr'><strong>visceribus</strong></span> <span class='ocrx_word' id='word_1_186' title='bbox 940 3034 1054 3098; x_wconf 85' lang='lat' dir='ltr'><strong>inludit</strong></span> <span class='ocrx_word' id='word_1_187' title='bbox 1098 3032 1181 3115; x_wconf 79' lang='lat' dir='ltr'><strong>Ergo</strong></span> 
     </span>
     <span class='ocr_line' id='line_1_25' title="bbox 78 3145 1182 3231; baseline -0.005 -20"><span class='ocrx_word' id='word_1_188' title='bbox 78 3154 227 3231; x_wconf 81' lang='lat' dir='ltr'><strong>tamqnam</strong></span> <span class='ocrx_word' id='word_1_189' title='bbox 242 3149 298 3212; x_wconf 92' lang='lat' dir='ltr'><strong>sub</strong></span> <span class='ocrx_word' id='word_1_190' title='bbox 318 3148 411 3212; x_wconf 90' lang='lat' dir='ltr'><strong>oculis</strong></span> <span class='ocrx_word' id='word_1_191' title='bbox 435 3150 587 3213; x_wconf 89' lang='lat' dir='ltr'><strong>constituti</strong></span> <span class='ocrx_word' id='word_1_192' title='bbox 610 3149 714 3212; x_wconf 90' lang='lat' dir='ltr'><strong>iudicis</strong></span> <span class='ocrx_word' id='word_1_193' title='bbox 739 3148 881 3230; x_wconf 87' lang='lat' dir='ltr'><strong>quidquid</strong></span> <span class='ocrx_word' id='word_1_194' title='bbox 904 3148 1054 3230; x_wconf 86' lang='lat' dir='ltr'><strong>egerimus</strong></span> <span class='ocrx_word' id='word_1_195' title='bbox 1069 3145 1100 3207; x_wconf 92' lang='lat' dir='ltr'><strong>in</strong></span> <span class='ocrx_word' id='word_1_196' title='bbox 1114 3145 1182 3205; x_wconf 92' lang='lat' dir='ltr'><strong>luce</strong></span> 
     </span>
     <span class='ocr_line' id='line_1_26' title="bbox 78 3261 835 3344; baseline -0.004 -18"><span class='ocrx_word' id='word_1_197' title='bbox 78 3262 206 3344; x_wconf 89' lang='lat' dir='ltr'><strong>positum</strong></span> <span class='ocrx_word' id='word_1_198' title='bbox 228 3267 384 3344; x_wconf 91' lang='lat' dir='ltr'><strong>putemus,</strong></span> <span class='ocrx_word' id='word_1_199' title='bbox 405 3270 438 3325; x_wconf 92' lang='lat' dir='ltr'><strong>ut</strong></span> <span class='ocrx_word' id='word_1_200' title='bbox 461 3263 598 3326; x_wconf 90' lang='lat' dir='ltr'><strong>omnibus</strong></span> <span class='ocrx_word' id='word_1_201' title='bbox 621 3261 835 3324; x_wconf 84' lang='lat' dir='ltr'><strong>manifestetur.</strong></span> 
     </span>
    </p>
   </div>
   <div class='ocr_carea' id='block_1_5' title="bbox 491 3438 773 3506">
    <p class='ocr_par' dir='ltr' id='par_1_7' title="bbox 491 3438 773 3506">
     <span class='ocr_line' id='line_1_27' title="bbox 491 3438 773 3506; baseline -0.007 0"><span class='ocrx_word' id='word_1_202' title='bbox 491 3439 663 3506; x_wconf 82' lang='lat' dir='ltr'><strong>CAPUT</strong></span> <span class='ocrx_word' id='word_1_203' title='bbox 696 3438 773 3505; x_wconf 90' lang='lat' dir='ltr'><strong>XX.</strong></span> 
     </span>
    </p>
   </div>
   <div class='ocr_carea' id='block_1_6' title="bbox 78 3581 1181 3914">
    <p class='ocr_par' dir='ltr' id='par_1_8' title="bbox 79 3581 1180 3652">
     <span class='ocr_line' id='line_1_28' title="bbox 79 3581 1180 3652; baseline -0.005 -14"><span class='ocrx_word' id='word_1_204' title='bbox 79 3582 201 3638; x_wconf 86' lang='lat' dir='ltr'><strong>Omnibus</strong></span> <span class='ocrx_word' id='word_1_205' title='bbox 219 3582 323 3636; x_wconf 86' lang='lat' dir='ltr'><strong>multum</strong></span> <span class='ocrx_word' id='word_1_206' title='bbox 344 3586 467 3652; x_wconf 84' lang='lat' dir='ltr'><strong>prodesse</strong></span> <span class='ocrx_word' id='word_1_207' title='bbox 491 3586 616 3638; x_wconf 92' lang='lat' dir='ltr'><strong>bonorum</strong></span> <span class='ocrx_word' id='word_1_208' title='bbox 640 3585 853 3649; x_wconf 81' lang='lat' dir='ltr'><strong>familiaritatem,</strong></span> <span class='ocrx_word' id='word_1_209' title='bbox 880 3585 987 3635; x_wconf 81' lang='lat' dir='ltr'><strong>maxime</strong></span> <span class='ocrx_word' id='word_1_210' title='bbox 1005 3598 1069 3636; x_wconf 85' lang='lat' dir='ltr'><strong>reto</strong></span> <span class='ocrx_word' id='word_1_211' title='bbox 1087 3581 1180 3634; x_wconf 85' lang='lat' dir='ltr'><strong>adule-</strong></span> 
     </span>
    </p>

    <p class='ocr_par' dir='ltr' id='par_1_9' title="bbox 79 3665 1181 3740">
     <span class='ocr_line' id='line_1_29' title="bbox 79 3665 1181 3740; baseline -0.003 -19"><span class='ocrx_word' id='word_1_212' title='bbox 79 3666 225 3734; x_wconf 73' lang='lat' dir='ltr'><strong>secuntur,</strong></span> <span class='ocrx_word' id='word_1_213' title='bbox 253 3668 303 3722; x_wconf 90' lang='lat' dir='ltr'><strong>boc</strong></span> <span class='ocrx_word' id='word_1_214' title='bbox 328 3668 386 3723; x_wconf 88' lang='lat' dir='ltr'><strong>lesu</strong></span> <span class='ocrx_word' id='word_1_215' title='bbox 403 3670 476 3726; x_wconf 81' lang='lat' dir='ltr'><strong>Nare</strong></span> <span class='ocrx_word' id='word_1_216' title='bbox 495 3688 526 3723; x_wconf 88' lang='lat' dir='ltr'><strong>ae</strong></span> <span class='ocrx_word' id='word_1_217' title='bbox 544 3670 626 3738; x_wconf 76' lang='lat' dir='ltr'><strong>Mopsi</strong></span> <span class='ocrx_word' id='word_1_218' title='bbox 650 3670 756 3740; x_wconf 85' lang='lat' dir='ltr'><strong>aliisquo</strong></span> <span class='ocrx_word' id='word_1_219' title='bbox 781 3669 903 3738; x_wconf 83' lang='lat' dir='ltr'><strong>exemplis</strong></span> <span class='ocrx_word' id='word_1_220' title='bbox 928 3667 1061 3737; x_wconf 87' lang='lat' dir='ltr'><strong>probatur,</strong></span> <span class='ocrx_word' id='word_1_221' title='bbox 1091 3665 1181 3736; x_wconf 83' lang='lat' dir='ltr'><strong>quibus</strong></span> 
     </span>
    </p>

    <p class='ocr_par' dir='ltr' id='par_1_10' title="bbox 78 3752 1181 3914">
     <span class='ocr_line' id='line_1_30' title="bbox 78 3752 1181 3826; baseline -0.003 -20"><span class='ocrx_word' id='word_1_222' title='bbox 78 3755 202 3808; x_wconf 83' lang='lat' dir='ltr'><strong>subicitur</strong></span> <span class='ocrx_word' id='word_1_223' title='bbox 219 3757 262 3825; x_wconf 82' lang='lat' dir='ltr'><strong>qui</strong></span> <span class='ocrx_word' id='word_1_224' title='bbox 279 3764 364 3809; x_wconf 80' lang='lat' dir='ltr'><strong>aetate</strong></span> <span class='ocrx_word' id='word_1_225' title='bbox 383 3759 433 3809; x_wconf 89' lang='lat' dir='ltr'><strong>siut</strong></span> <span class='ocrx_word' id='word_1_226' title='bbox 450 3758 567 3826; x_wconf 85' lang='lat' dir='ltr'><strong>dispares</strong></span> <span class='ocrx_word' id='word_1_227' title='bbox 585 3760 679 3810; x_wconf 83' lang='lat' dir='ltr'><strong>virtute</strong></span> <span class='ocrx_word' id='word_1_228' title='bbox 704 3757 832 3810; x_wconf 84' lang='lat' dir='ltr'><strong>interdum</strong></span> <span class='ocrx_word' id='word_1_229' title='bbox 852 3772 927 3824; x_wconf 86' lang='lat' dir='ltr'><strong>pares</strong></span> <span class='ocrx_word' id='word_1_230' title='bbox 946 3770 1019 3821; x_wconf 83' lang='lat' dir='ltr'><strong>csso,</strong></span> <span class='ocrx_word' id='word_1_231' title='bbox 1048 3762 1076 3805; x_wconf 87' lang='lat' dir='ltr'><strong>nt</strong></span> <span class='ocrx_word' id='word_1_232' title='bbox 1092 3752 1181 3804; x_wconf 79' lang='lat' dir='ltr'><strong>Petrus</strong></span> 
     </span>
     <span class='ocr_line' id='line_1_31' title="bbox 442 3844 827 3914; baseline 0 -18"><span class='ocrx_word' id='word_1_233' title='bbox 442 3853 517 3914; x_wconf 90' lang='lat' dir='ltr'><strong>atquc</strong></span> <span class='ocrx_word' id='word_1_234' title='bbox 536 3844 645 3898; x_wconf 87' lang='lat' dir='ltr'><strong>loannes</strong></span> <span class='ocrx_word' id='word_1_235' title='bbox 663 3845 827 3912; x_wconf 81' lang='lat' dir='ltr'><strong>patefaciunt.</strong></span> 
     </span>
    </p>
   </div>
   <div class='ocr_carea' id='block_1_7' title="bbox 77 3971 1180 4183">
    <p class='ocr_par' dir='ltr' id='par_1_11' title="bbox 77 3971 1180 4183">
     <span class='ocr_line' id='line_1_32' title="bbox 169 3971 1180 4061; baseline -0.002 -23"><span class='ocrx_word' id='word_1_236' title='bbox 169 3971 220 4039; x_wconf 86' lang='grc'><strong>97.</strong></span> <span class='ocrx_word' id='word_1_237' title='bbox 266 3977 425 4043; x_wconf 90' lang='lat' dir='ltr'><strong>Plurimum</strong></span> <span class='ocrx_word' id='word_1_238' title='bbox 440 3981 540 4060; x_wconf 89' lang='lat' dir='ltr'><strong>itaque</strong></span> <span class='ocrx_word' id='word_1_239' title='bbox 555 3979 681 4061; x_wconf 89' lang='lat' dir='ltr'><strong>prodest</strong></span> <span class='ocrx_word' id='word_1_240' title='bbox 692 3979 851 4061; x_wconf 88' lang='lat' dir='ltr'><strong>unicuique</strong></span> <span class='ocrx_word' id='word_1_241' title='bbox 868 3977 955 4040; x_wconf 91' lang='lat' dir='ltr'><strong>bonis</strong></span> <span class='ocrx_word' id='word_1_242' title='bbox 967 3974 1059 4057; x_wconf 77' lang='lat' dir='ltr'><strong>iungi.</strong></span> <span class='ocrx_word' id='word_1_243' title='bbox 1092 3973 1180 4037; x_wconf 83' lang='lat' dir='ltr'><strong>Adu-</strong></span> 
     </span>
     <span class='ocr_line' id='line_1_33' title="bbox 77 4087 1180 4183; baseline 0.001 -35"><span class='ocrx_word' id='word_1_244' title='bbox 77 4087 260 4152; x_wconf 87' lang='lat' dir='ltr'><strong>lescentibus</strong></span> <span class='ocrx_word' id='word_1_245' title='bbox 284 4108 406 4173; x_wconf 86' lang='lat' dir='ltr'><strong>quoque</strong></span> <span class='ocrx_word' id='word_1_246' title='bbox 424 4092 506 4173; x_wconf 88' lang='lat' dir='ltr'><strong>utile,</strong></span> <span class='ocrx_word' id='word_1_247' title='bbox 529 4097 561 4156; x_wconf 91' lang='lat' dir='ltr'><strong>ut</strong></span> <span class='ocrx_word' id='word_1_248' title='bbox 579 4092 678 4158; x_wconf 86' lang='lat' dir='ltr'><strong>clares</strong></span> <span class='ocrx_word' id='word_1_249' title='bbox 695 4099 727 4155; x_wconf 85' lang='lat' dir='ltr'><strong>et</strong></span> <span class='ocrx_word' id='word_1_250' title='bbox 741 4091 893 4174; x_wconf 76' lang='lat' dir='ltr'><strong>sapientes</strong></span> <span class='ocrx_word' id='word_1_251' title='bbox 908 4089 991 4154; x_wconf 82' lang='lat' dir='ltr'><strong>uiros</strong></span> <span class='ocrx_word' id='word_1_252' title='bbox 1007 4093 1180 4183; x_wconf 69' lang='lat' dir='ltr'><strong>sequantur,</strong></span> 
     </span>
    </p>
   </div>
   <div class='ocr_carea' id='block_1_8' title="bbox 0 0 1350 4666">
    <p class='ocr_par' dir='ltr' id='par_1_12' title="bbox 0 0 1350 4666">
     <span class='ocr_line' id='line_1_34' title="bbox 0 0 1350 4666; baseline 0 0"><span class='ocrx_word' id='word_1_253' title='bbox 0 0 1350 4666; x_wconf 95' lang='lat' dir='ltr'><strong> </strong></span> 
     </span>
    </p>
   </div>
  </div>
 </body>
</html>
