2692 4666
185 344 246 409 176
626 340 652 394 s.
671 338 824 393 nnsnosn

185 503 236 587 qui
263 502 368 566 otiosis
396 490 529 564 manibus
559 500 749 584 expugnabat
777 498 913 579 hostem,
946 517 1034 580 quem
1048 518 1117 563 ‘non
1138 505 1283 582 poterant

185 618 307 679 vincere
330 615 381 695 qui
403 614 586 677 dimicabant.
603 611 631 697 ¹)
668 612 750 696 Ergo
773 613 896 696 Moyses
918 618 948 675 et
970 613 1000 676 in
1023 614 1141 678 silentio
1166 615 1283 696 loque-

185 732 272 793 batur
303 736 333 791 et
362 729 391 790 in
424 728 485 790 otio
516 725 703 806 operabatur.
757 724 848 788 Cuius
877 730 974 788 autern
1004 725 1116 788 maiora
1146 727 1282 808 negotia,

186 862 274 924 quam
303 843 389 904 buius
420 842 496 918 otia,
532 838 582 919 qui
614 837 807 920 quadraginta
840 837 944 900 diebus
971 839 1086 919 positus
1117 840 1147 899 in
1180 846 1284 902 monte

187 963 277 1020 totam
298 957 397 1038 legem
419 953 583 1034 conplexus
608 952 678 1014 est?
698 949 730 1035 ¹²)
774 951 812 1014 Et
833 951 864 1013 in
886 951 936 1014 illa
959 951 1118 1016 solitudine
1140 954 1194 1032 qui
1216 972 1284 1014 cum

189 1086 226 1130 eo
255 1068 429 1147 loqueretur
460 1082 520 1125 non
551 1061 652 1125 deluit.
696 1062 781 1124 Unde
812 1070 843 1125 et
871 1062 967 1126 David
998 1065 1053 1127 ait:
1070 1061 1102 1148 ³)
1134 1065 1283 1142 Audiam,

188 1182 263 1261 quid
287 1181 434 1260 loquatur·
456 1178 490 1238 io
510 1196 558 1237 me
580 1175 722 1238 dominus
744 1176 830 1239 deus.
874 1175 911 1239 Et
933 1182 1043 1258 quanto
1070 1179 1137 1259 plus
1161 1185 1226 1258 est,
1258 1181 1285 1242 si

189 1314 255 1357 cum
278 1294 376 1374 aliquo
400 1292 474 1354 deus
496 1290 645 1371 loquatur,
668 1309 755 1371 quam
777 1292 842 1372 ipse
866 1292 995 1354 seeum?

277 1405 306 1469 3.
344 1407 520 1470 Transibant
534 1406 661 1488 apostoli
677 1414 708 1468 et
722 1406 825 1470 umbra
841 1425 945 1470 eorum
960 1406 1081 1470 curabat
1097 1406 1240 1471 infirmos.
1252 1404 1285 1492 ⁴)

191 1518 402 1601 Tangebantur
424 1520 599 1582 vestimenta
621 1537 724 1582 eorum
748 1525 778 1582 et
800 1520 909 1584 sanitas
932 1519 1131 1584 deferebatur.

279 1631 308 1697 1.
354 1632 529 1697 Sermonem
556 1632 675 1696 locutus
706 1641 753 1697 est
781 1634 882 1697 Helias
911 1640 941 1697 et
967 1634 1067 1717 pluvia
1096 1634 1197 1714 stetit,
1228 1652 1287 1697 noc

192 1744 300 1809 cecidit
328 1762 420 1827 super
450 1751 561 1808 terram
590 1747 683 1809 tribus
712 1748 798 1810 annis
827 1753 858 1810 et
886 1766 944 1810 sex
972 1749 1133 1811 mensibus.
1178 1748 1287 1810 lterum

192 1861 309 1923 locutus
339 1865 402 1937 est,
433 1863 464 1920 et
491 1856 596 1940 hydria
626 1855 740 1919 larinae
768 1876 829 1921 non
852 1856 977 1951 deleuit,
1010 1865 1040 1921 et
1061 1877 1116 1923 uas
1138 1860 1201 1923 olei
1223 1865 1287 1922 toto

194 1975 278 2039 lamis
301 1973 424 2038 diurnae
446 1979 581 2054 tempore
603 1990 665 2036 non
686 1978 733 2036 est
756 1972 946 2036 exinanitum
964 1969 996 2057 ⁵)

280 2085 309 2153 5.
347 2086 384 2150 Et
405 2088 544 2167 quoniam
566 2087 729 2168 plerosque
748 2086 894 2151 delectant
909 2088 1023 2168 bellioa,
1045 2085 1116 2168 quid
1131 2093 1181 2150 est
1194 2094 1289 2168 prae·

194 2200 328 2277 stantius,
350 2198 466 2280 magnis
489 2198 618 2278 lacertis,
641 2216 679 2260 an
701 2199 774 2262 solis
796 2200 909 2263 meritis
930 2199 1100 2269 coniecisse
1116 2198 1290 2282 proelium?

195 2311 324 2376 Sedebat
345 2311 501 2374 Helisaeus
516 2304 549 2392 ⁶)
575 2309 606 2370 in
627 2326 688 2370 uno
711 2309 780 2372 loco
803 2317 834 2374 et
854 2329 912 2373 rex
934 2311 1040 2394 Syriae
1060 2329 1199 2394 magnam
1221 2311 1291 2377 belli

195 2426 303 2490 molem
325 2425 471 2489 inferebat
493 2424 603 2506 populo
626 2429 741 2505 patrum
764 2424 952 2506 diversisque
978 2426 1171 2489 consiliorum
1199 2442 1290 2488 acer·

195 2542 284 2604 vabat
306 2539 458 2603 fraudibus
482 2545 511 2601 et
526 2539 741 2601 circumvenire
756 2539 870 2602 insidiis
885 2540 1068 2603 moliebatur.
1107 2538 1168 2606 Sed
1184 2554 1290 2602 omnes

196 2655 260 2718 eius
283 2659 441 2736 apparatus
463 2652 607 2734 propbeta
634 2651 876 2734 deprehendebat
905 2659 935 2716 et
962 2654 1070 2737 vigore
1098 2653 1207 2717 mentis
1235 2669 1290 2734 per

196 2768 320 2851 gratiam
344 2766 392 2830 dei
413 2767 523 2847 ubique
543 2785 688 2849 praesens
712 2769 909 2851 cogitationes
931 2767 1059 2831 hostium
1081 2767 1144 2829 suis
1170 2765 1290 2829 adnun-

197 2883 293 2944 ciabat
315 2887 344 2944 et
365 2880 505 2944 monebat
527 2881 632 2961 quibus
652 2887 796 2944 caverent
809 2881 895 2945 loeis.
933 2878 1021 2955 Quod
1035 2880 1086 2943 ubi
1101 2881 1169 2964 regi
1184 2879 1292 2964 Syriae

198 2992 413 3057 manifestatum
441 3000 503 3072 est,
533 2995 624 3057 misso
641 2995 791 3059 exercitu
820 2996 924 3059 clausit
952 2994 1134 3078 prophetam.
1186 2993 1292 3058 Omvit

198 3106 352 3171 Helisaeus
384 3112 415 3168 et
446 3124 549 3170 omnes
579 3107 646 3170 illos
676 3109 820 3171 caecitate
849 3110 965 3190 perouti
995 3108 1066 3172 lecit
1097 3112 1127 3171 et
1158 3109 1292 3190 captivos

199 3221 311 3284 intrare
333 3220 364 3283 in
386 3219 557 3301 Samariam,
580 3222 630 3302 qui
653 3229 800 3286 venerant
822 3222 961 3286 obsidere
984 3242 1059 3286 eum.
1178 3255 1181 3261 ·

287 3331 316 3398 6.
362 3333 555 3399 Conferamus
585 3336 642 3399 hoe
670 3339 760 3399 otium
781 3355 848 3400 cum
870 3337 994 3400 aliorum
1017 3337 1087 3399 otio.
1130 3335 1192 3398 Alii
1216 3337 1293 3399 enim

200 3448 410 3529 requiescendi
438 3465 528 3511 causa
557 3447 707 3511 abducere
735 3449 861 3511 animum
889 3466 907 3510 a
936 3448 1066 3531 negotiis
1095 3446 1196 3510 solent
1226 3451 1293 3509 eta

201 3567 350 3625 conventu
384 3568 531 3642 coetuque
564 3561 714 3626 hominum
747 3562 923 3625 subtrahere
955 3579 1041 3642 sese,
1074 3567 1111 3624 ot.
1133 3565 1185 3624 aut
1214 3558 1293 3622 ruris

200 3682 305 3757 petere
327 3681 485 3755 secretum,
508 3683 627 3757 captare
650 3694 792 3758 agrorum
813 3675 996 3755 solitudines,
1019 3682 1068 3740 aut
1088 3676 1167 3739 iutra
1188 3675 1294 3738 urbem

201 3806 310 3852 vacare
337 3790 450 3867 animo,
479 3788 636 3871 indulgere
665 3789 757 3870 quieti
786 3796 818 3852 et-
838 3789 1038 3870 tranquillitati
1045 3809 1055 3866 ;
1088 3780 1292 3871 Helisaeus&

273 3968 301 4034 1)
319 3968 400 4022 Exod.
421 3967 461 4035 17,
481 3969 511 4021 11
532 3985 603 4039 seqq.
668 3971 698 4040 2]
716 3970 779 4024 Ibid.
798 3971 842 4039 24,
862 3971 893 4022 15
912 3987 984 4040 seqq.
1041 3971 1077 4035 ’3)
1095 3969 1188 4024 Psalm.
1207 3968 1252 4035 81,
1271 3968 1293 4020 S.

203 4055 231 4120 n)
250 4053 306 4108 net.
320 4056 345 4121 5,
364 4056 405 4109 16.
441 4057 469 4123 5)
488 4058 513 4111 e.
526 4057 589 4126 neg.
605 4057 646 4124 rr,
667 4057 766 4131 rseqq.
802 4060 832 4128 e)
849 4059 874 4114 4.
886 4058 951 4128 aeg.
964 4058 991 4126 o,
1006 4057 1024 4109 a
1037 4073 1108 4127 seqq.
1145 4056 1175 4120 a)
1194 4057 1219 4110 ⁴·
1232 4055 1294 4125 neg.

204 4140 230 4205 2,
249 4140 266 4190 8
284 4150 310 4193 et
328 4143 354 4208 l,
375 4142 407 4194 16
426 4160 496 4214 seqq.
