2692 4666
367 341 412 396 ott
432 341 568 398 otricus
586 342 811 400 lsslel'RORUli
827 344 924 402 traua
940 347 959 402 l.
1167 348 1208 416 37

117 519 203 565 suum
234 503 360 588 stringit.
406 507 555 570 Interdum
582 507 652 568 milri
674 509 758 588 quasi
781 527 880 571 escam
903 510 1041 592 proponit
1063 510 1209 574 vindictae

117 617 350 701 possibilitatem,
374 626 414 701 ut,
439 619 508 683 dum
531 620 672 683 vindicari
692 621 789 703 cupio,
813 623 878 703 ipse
893 641 940 685 me
955 625 1084 687 inseram
1099 624 1207 706 laqueo
1279 630 1287 647 ⁴

118 738 147 793 et
168 731 280 794 nodum
302 736 404 797 mortis
427 735 608 819 adstringam
628 736 708 798 mihi.
755 736 786 800 Si
817 737 883 817 quis
915 755 989 820 ergo
1018 739 1108 801 sentit
1130 738 1209 802 hun'c

117 844 320 909 adversarium
342 856 531 929 praesentem
554 867 640 929 esse,
671 856 740 912 tunc
763 851 857 932 magis
880 851 1043 915 custodiam
1067 851 1208 916 adhibere

118 958 206 1022 debet
228 962 274 1024 ori
297 967 364 1041 tuo,
392 984 431 1028 ne
454 966 503 1029 det
525 967 622 1029 locum
646 966 836 1043 adversario;
867 966 921 1029 sed
945 985 1005 1030 non
1026 954 1107 1030 multi
1129 966 1207 1031 inuno

115 1075 226 1141 vident.

540 1279 710 1346 CAPUT
743 1279 785 1346 V.

117 1439 210 1497 Contra
229 1441 354 1496 risibilem
372 1445 448 1496 etiarn
467 1445 655 1511 adversarium,
680 1461 737 1495 cum
754 1459 800 1498 uos
818 1447 933 1516 instigat,
958 1446 1078 1499 utendum
1096 1447 1206 1515 silentio,

117 1534 187 1586 cuius
206 1533 277 1584 unius
297 1548 346 1601 ope
365 1535 509 1601 superiores
528 1534 657 1587 evadimus
676 1541 701 1586 et
720 1533 895 1600 humilitatem,
914 1550 980 1604 quaa
998 1533 1139 1587 exhibenda
1156 1535 1206 1587 ad-

459 1638 546 1675 versus
565 1637 662 1689 omnes,
682 1637 870 1675 conservamus.
938 1691 940 1698 ἲ

208 1759 257 1826 17.
295 1761 354 1827 Sed
378 1765 463 1827 etiam
486 1766 537 1830 ille
560 1766 710 1830 cavendus
734 1774 790 1843 est,
814 1767 863 1848 qui
887 1767 981 1832 videri
1004 1772 1112 1849 potest,
1136 1764 1206 1847 qui-

118 1895 243 1960 cumque
265 1877 378 1956 inritat,
403 1874 580 1955 quicumque
602 1873 715 1953 incitat,
739 1874 916 1954 quicumque
940 1877 1114 1956 exasperat,
1136 1871 1205 1953 qui-

118 2010 245 2074 cumque
267 1990 416 2053 incentiva
437 1988 573 2053 luxuriae
595 1994 645 2050 aut
661 1986 789 2053 libidinis
806 1989 949 2070 suggerit.
989 1988 1113 2062 Quando
1129 2004 1204 2069 ergo

117 2107 222 2188 aliquis
245 2106 331 2169 nobis
354 2104 549 2182 convitiatur,
571 2102 705 2182 lacessit,
730 2102 765 2165 ad
788 2102 957 2165 violentiam
978 2108 1138 2185 provocat,
1167 2098 1205 2162 ad

114 2221 240 2305 iurgium
256 2224 359 2281 vocat:
382 2225 453 2281 tunc
475 2217 623 2280 silentium
647 2233 852 2297 exerceamus,
875 2224 945 2280 tunc
966 2218 1036 2280 muti
1058 2216 1123 2278 iieri
1143 2233 1204 2278 non

113 2335 333 2399 erubescamus.
376 2333 517 2394 Peccator
548 2338 595 2393 est
625 2333 701 2394 enim
731 2333 782 2412 qui
809 2349 865 2396 nos
886 2339 1046 2414 provocat,
1080 2331 1131 2411 qui
1152 2329 1203 2391 in-

113 2448 217 2511 iuriam
241 2445 312 2508 iacit
335 2453 365 2508 et
387 2463 442 2508 nos
466 2444 577 2508 similes
601 2445 646 2507 sui
668 2441 733 2506 lieri
758 2445 914 2509 desiderat.

204 2558 252 2624 18.
297 2560 433 2640 Denique
457 2560 483 2623 si
506 2566 614 2639 taceas,
638 2560 663 2622 si
687 2560 863 2640 dissimules,
886 2561 964 2623 solet
985 2561 1101 2624 dicere:
1126 2561 1202 2636 Quid

114 2675 221 2739 taoes‘r
257 2675 405 2756 Loquere,
427 2676 453 2737 si
468 2675 578 2751 audes3
601 2675 654 2738 sed
671 2693 731 2738 non
747 2676 849 2756 audes,
873 2683 968 2738 mutus
985 2693 1028 2754 es,
1054 2673 1201 2758 elinguem

114 2798 144 2852 te
166 2789 234 2851 ieci.
279 2787 311 2853 si
338 2807 412 2873 ergo
441 2797 556 2869 taceaS,
585 2790 652 2873 plus
682 2792 825 2873 rumpitur
832 2813 841 2869 ;
873 2792 981 2854 victum
1011 2808 1080 2855 sese
1111 2797 1201 2872 putat,

114 2904 247 2983 inrisum,
269 2902 465 2985 posthabitum
481 2912 570 2986 atque
586 2880 720 2968 inlusum.
759 2906 790 2971 Si
805 2906 999 2988 respondeas,
1018 2907 1202 2988 superiorem

114 3035 150 3082 se
179 3016 287 3081 lactum
318 3019 491 3096 arbitratur,
522 3017 589 3098 quia
619 3035 719 3099 parem
751 3018 871 3080 invenit.
925 3017 956 3082 Si
987 3019 1063 3082 enim
1092 3023 1201 3099 taceaS,

114 3133 235 3197 dicitur:
266 3132 319 3196 llle
342 3132 518 3196 convitiatus
541 3138 587 3194 est
607 3131 693 3211 huic,
727 3132 901 3213 contempsit
922 3133 987 3195 iste.
1033 3131 1064 3196 Si
1086 3131 1201 3196 referas

115 3248 330 3328 contumeliam,
353 3247 474 3311 dicitur:
498 3247 593 3310 Ambo
617 3247 768 3310 convitiati
782 3253 858 3310 sunt.
902 3247 1034 3328 Uterque
1056 3246 1201 3309 condem-

113 3369 217 3443 natur,
249 3381 337 3426 nemo
360 3363 530 3426 absolvitur.
576 3363 658 3446 Ergo
687 3362 765 3426 illius
796 3368 841 3426 est
864 3361 1006 3440 studium,
1039 3367 1071 3422 ut
1092 3358 1201 3440 inritet,

113 3484 147 3542 ut
167 3476 272 3540 similia
293 3477 336 3540 illi
356 3478 472 3558 loquar,
494 3477 598 3541 similia
620 3496 723 3560 agam3
745 3477 813 3539 iusti
834 3481 991 3539 astantem
1007 3474 1200 3555 dissimulare,

113 3592 186 3656 nihil
207 3592 299 3674 loqui,
322 3598 426 3656 tenere
449 3593 546 3656 bonae
565 3593 690 3657 fructum
706 3592 915 3670 conscientiae,
937 3590 1003 3672 plus
1019 3589 1200 3653 committere

113 3708 260 3771 bonorum
284 3707 402 3786 iudicio,
426 3725 511 3788 quam
534 3706 713 3769 criminantis
735 3704 921 3782 insolentiae,
944 3709 1112 3765 contentum
1132 3719 1200 3766 esse

114 3823 260 3906 gravitate
283 3839 398 3886 morum
421 3838 549 3885 suorum.
595 3821 660 3884 lloc
681 3827 726 3883 est
749 3820 841 3882 enim:
864 3819 955 3882 silere
977 3817 1108 3896 abonis,
1132 3817 1200 3899 quio

114 3936 193 3998 bene
220 3936 276 4000 sibi
305 3938 443 4002 conscius
473 3936 555 4001 falsis
584 3955 645 4000 non
676 3935 765 3999 debet
792 3935 922 4015 moveri,
955 3950 1012 3996 nec
1034 3932 1199 4012 aestimare,

114 4048 179 4131 plus
209 4048 352 4131 ponderis
381 4050 411 4112 in
440 4049 537 4112 alieno
569 4065 636 4111 esse
667 4049 815 4128 convitio,
849 4065 935 4127 quom
964 4048 997 4110 in·
1025 4064 1080 4111 suo
1111 4046 1199 4109 testi-

114 4179 222 4226 monuo.
