2692 4666
299 339 346 395 DE
364 337 501 396 OFFIOES
519 337 745 397 manorum
762 339 895 396 titiant
1103 343 1146 410 43

53 510 184 588 negent,
210 503 290 587 quod
313 501 467 568 custodiae
490 507 536 564 est
556 509 732 581 exerceant,
763 509 795 566 ut
818 504 867 584 qui
890 504 920 567 in
937 501 1057 585 specula
1081 509 1149 565 sunt

54 617 237 700 speculando
260 618 428 698 intendant,
459 636 520 681 non
543 617 727 681 dormiendo.
773 617 875 682 Omnis
899 621 977 682 enim
997 636 1048 681 res
1070 636 1147 699 pro-

54 733 128 814 priis
150 751 186 796 ac
208 732 377 797 domesticis
400 733 551 797 exercitiis
573 740 709 816 augetur.

142 843 193 910 34.
237 847 319 929 Erga
343 847 437 910 David
461 848 577 910 tacebat
598 865 659 910 non
680 863 817 928 semper,
841 847 896 910 sed
918 866 973 929 pro
996 853 1148 927 tempore;

54 978 117 1024 non
147 961 273 1043 iugiter,
302 981 401 1045 neque
433 962 588 1040 omnibus,
617 960 672 1024 sed
701 961 829 1024 innitenti
853 961 1041 1040 adversario,
1072 978 1149 1041 pro-

54 1075 174 1138 vocanti
195 1076 346 1156 peccatori
368 1094 431 1139 nan
452 1075 661 1156 respondebat.
705 1074 758 1153 Et,
780 1075 857 1139 sicut
878 1077 946 1139 alibi
970 1077 1026 1154 ait,
1046 1073 1076 1158 ¹)
1098 1076 1149 1137 lo·
1186 1071 1190 1074 ’

55 1198 183 1272 quentes
213 1191 372 1253 vanitatem
404 1197 435 1252 et
463 1191 629 1273 cogitantes
658 1188 756 1252 dolum
786 1208 848 1252 nan
876 1190 1031 1269 audiebat,
1066 1189 1150 1269 quasi

54 1303 164 1367 surdus
195 1310 226 1368 et
256 1305 341 1386 quasi
372 1311 469 1367 mutus
493 1322 554 1367 non
585 1305 737 1386 aperiebat
758 1305 813 1366 illis
837 1321 873 1368 os
895 1323 999 1384 suurn,
1031 1304 1098 1384 quia
1121 1310 1151 1366 ει

55 1417 124 1480 alibi
145 1418 256 1482 babes:
274 1415 306 1502 ²)
341 1417 414 1480 Noli
435 1419 627 1497 respondere
650 1419 831 1496 imprudenti
854 1421 898 1482 ad
920 1419 1151 1498 inprudentiam

56 1532 142 1610 citas,
166 1551 204 1594 ce
226 1533 339 1596 similia
361 1534 410 1595 ilii
431 1535 500 1613 fica.

144 1642 195 1708 35.
239 1647 367 1710 Primum
398 1648 488 1729 igitur
519 1646 647 1711 officium
678 1654 725 1710 est
757 1645 898 1727 loquendi
929 1644 1044 1709 modus.
1088 1646 1153 1709 Hoc

56 1759 233 1823 sacrificium
249 1759 344 1824 laudis
360 1761 418 1824 deo
434 1761 619 1843 dependitur,
636 1761 694 1824 hoc
709 1763 879 1824 reverentia
898 1761 1063 1840 exhibetur,
1087 1780 1152 1823 curn

56 1874 222 1955 scripturae
253 1873 370 1939 divinae
402 1876 558 1959 leguntur,
592 1875 651 1937 hoc
681 1874 867 1937 honorantur
888 1882 1037 1956 parentes.
1083 1875 1151 1940 Scio

56 1988 140 2068 loqui
176 1988 359 2071 plerosque,
396 2007 462 2051 curn
500 1997 601 2052 tacere
638 1989 779 2052 nesciant.
832 1987 940 2051 Rarum
974 1995 1020 2051 est
1052 1996 1153 2052 tacere

58 2121 253 2186 quemquam,
285 2123 351 2166 curn
373 2104 428 2167 sibi
451 2123 513 2166 non
534 2105 630 2186 prosit
652 2102 742 2184 loqui.
787 2102 928 2185 Sapiens,
951 2110 984 2165 ut
1005 2104 1152 2184 loquatur,

57 2216 148 2281 multa
172 2217 253 2298 prius
286 2217 473 2296 considerat,
504 2217 574 2297 quid
599 2217 676 2280 dicat
699 2224 729 2280 et
750 2219 798 2281 cui
821 2216 916 2296 dicat,
950 2235 1010 2297 quo
1032 2218 1062 2278 in
1084 2218 1153 2278 laco

58 2337 88 2394 et
109 2336 253 2411 tempore.
298 2330 351 2394 Est
372 2350 449 2414 ergo
466 2337 496 2394 et
510 2331 627 2395 tacendi
644 2339 673 2395 et
688 2330 829 2412 loquendi
852 2330 975 2407 modus3
999 2339 1045 2393 εει
1067 2330 1154 2393 etiam

61 2443 129 2508 iacti
151 2443 266 2508 modus.
300 2445 470 2527 ,Pulchrum
493 2445 583 2529 igitur
605 2451 710 2508 tencre
733 2462 901 2509 mensuram
925 2443 1022 2507 officii.

474 2715 651 2784 CAPUT
677 2716 737 2781 XI.

61 2883 177 2938 Officium
206 2898 282 2936 omne
308 2891 352 2935 aut
378 2882 487 2934 medium
515 2888 557 2933 aut
582 2881 722 2950 perfectum
752 2897 809 2934 esse
836 2882 977 2950 scripturae
1004 2882 1157 2934 testimoniis

62 2973 219 3038 ostenditur3
246 2973 286 3022 cui
313 2970 472 3039 subiungitur
498 2970 686 3022 misericordiae
711 2970 766 3023 iaus
784 2978 860 3039 atque
879 2971 912 3021 ad
934 2986 988 3021 earn
1008 2969 1156 3022 exhortatio.

153 3130 205 3198 36.
251 3133 386 3197 Officium
410 3140 506 3196 autem
530 3150 618 3194 omne
642 3138 690 3194 aut
712 3131 840 3195 medium
860 3138 910 3195 aut
924 3130 1087 3214 perfectum
1103 3137 1156 3210 est,

63 3247 143 3329 quod
167 3266 263 3328 aeque
284 3249 497 3330 scripturarum
529 3247 704 3329 auctoritate
731 3248 860 3329 probare
883 3263 1049 3328 possumus.
1094 3245 1157 3307 Ha-

63 3365 169 3428 bemus
201 3364 310 3426 etenim
341 3364 372 3424 in
401 3361 559 3445 evangelio
591 3362 704 3426 dixisse
733 3362 899 3426 dominum:
916 3358 949 3443 ³)
982 3361 1016 3421 Si
1045 3359 1094 3420 cis
1125 3359 1159 3420 in

65 3479 159 3542 citam
183 3485 344 3540 aeternnm
365 3479 487 3556 accire,
514 3496 608 3540 cerco
630 3477 788 3540 mandato.
834 3477 926 3540 Dicit
947 3477 1017 3538 iiic:
1047 3474 1159 3550 Quae?

64 3595 155 3659 iesus
177 3602 278 3658 catcm
301 3594 385 3656 dicit
406 3595 471 3655 iiii:
504 3593 572 3655 Nora
599 3591 798 3655 homicidium
826 3589 944 3669 facies,
973 3608 1035 3651 nom
1067 3589 1158 3651 adci-

66 3709 201 3785 terabia‚
234 3728 299 3771 racc
319 3688 420 3785 facies
440 3709 574 3788 farinam,
606 3725 670 3770 mam
691 3706 809 3784 fulsum
832 3705 1038 3767 testimoninm
1061 3704 1158 3782 dices,

66 3825 190 3889 honora
207 3829 329 3902 putrem
351 3830 381 3884 ei
401 3831 548 3899 matrem,
573 3830 602 3883 ei
623 3822 733 3901 ditipcs
754 3819 933 3898 proximam
957 3826 1055 3895 inani,
1079 3819 1161 3880 sicat

67 3947 94 4001 tc
116 3939 228 4017 ipsam.
274 3934 354 3998 Haec
377 3942 445 3998 sunt
467 3933 563 3996 media
586 3933 702 4012 officia,
726 3931 832 4012 quibus
854 3929 964 4010 aliquid
987 3929 1080 3992 deest.

140 4178 167 4256 ι)
187 4176 226 4230 aa.
245 4174 289 4253 aa,
309 4173 340 4236 13
357 4191 412 4255 aeq.
440 4148 444 4154 ’
482 4174 511 4243 a)
529 4173 603 4235 arua.
622 4171 666 4244 aa,
683 4172 709 4229 4.
780 4171 808 4241 a)
827 4171 911 4229 narra.
934 4170 978 4240 ro,
998 4169 1031 4223 aa
1051 4186 1106 4242 seq.
