2692 4666
336 329 382 384 DE
401 327 536 386 omens
555 326 779 387 nlntstnoabn
798 325 895 380 emsa
912 326 932 382 1.
1119 323 1182 394 117

512 570 683 639 CAPUT
717 574 754 638 L.

83 742 189 795 Levita!
213 757 229 794 a
251 741 359 794 terrenis
384 737 689 809 cupiditatibus-maxime
701 720 804 790 ‘alienos
823 755 880 792 esse
900 740 1005 793 debere.
1044 740 1116 806 Quae
1134 741 1183 792 sint

83 831 186 883 illorum
212 832 318 883 virtutes
346 845 378 881 ex
404 826 522 897 apostolo
547 835 674 896 mammae
702 827 727 878 in
757 829 819 894 ipsis
849 831 996 882 castimonia
1024 829 1180 896 requisitum

84 922 147 973 item
165 933 231 987 quae
250 916 358 986 dignitas
376 932 464 969 eorum
482 924 558 985 atque
577 915 696 981 officium,
715 914 747 966 ad
765 916 834 985 quod
852 918 988 985 primariae
1006 918 1113 968 virtutes
1125 923 1184 967 aunt

84 1006 254 1060 necessariae.
290 1005 373 1057 Hasce
391 1005 491 1074 ignotas
509 1021 561 1056 non
586 1003 664 1056 fuisse
689 1003 862 1072 philosophis,
890 1004 935 1057 sed
961 1006 986 1055 in
1010 1001 1183 1054 ordine‘ilios

85 1094 252 1163 peccaviss03
278 1092 396 1145 nonnulla
421 1101 584 1145 emanatura
603 1091 741 1144 secundum
762 1090 890 1157 officium,
918 1106 984 1161 quae
1007 1092 1039 1143 ob
1066 1091 1182 1142 adiuncta

85 1181 148 1234 bant
174 1189 265 1233 contra
293 1181 419 1246 officium3
447 1181 516 1233 unde
544 1179 685 1249 colligitur,
713 1187 818 1248 quantas
843 1181 916 1231 dotes
941 1179 1052 1247 postulet
1075 1178 1183 1256 dignitas

83 1268 235 1322 levitarum:
261 1285 326 1338 quae
352 1270 466 1338 sequitur
488 1268 624 1321 verborum
650 1267 743 1334 Moysis
766 1268 841 1320 tribui
864 1267 982 1320 leviticae
1007 1265 1183 1319 benedicentis

570 1358 704 1424 expositio.

175 1515 247 1583 246.
292 1518 380 1592 Quod
411 1519 436 1580 si
467 1517 626 1600 evangelio
657 1516 767 1581 domini
797 1519 883 1580 etiam
907 1517 1033 1599 populus
1057 1517 1122 1598 ipse
1145 1515 1183 1578 ad

86 1631 309 1713 despicientiam
342 1649 430 1713 opum
462 1630 636 1696 informatus
672 1638 760 1713 atque
791 1633 940 1694 institutus
974 1638 1037 1711 est,
1072 1636 1182 1712 quanto

85 1746 183 1830 magis
213 1762 269 1809 vos
299 1745 405 1809 levitas
437 1751 556 1827 oportet
584 1748 712 1809 terrenis
744 1764 804 1809 non
837 1746 933 1808 teneri
966 1730 1194 1828 cupiditatibus,¹

87 1877 215 1941 quorum
238 1857 312 1921 deus
335 1859 433 1940 portio
457 1866 512 1921 est.
551 1860 624 1921 Nam
648 1877 713 1921 cum
737 1858 919 1922 divideretur
942 1861 1082 1944 aMoyse
1107 1877 1181 1941 pos-

86 1973 186 2036 sessio
210 1980 331 2036 terrena
353 1974 463 2056 populo
486 1981 616 2056 patrum,
646 1975 764 2056 excepit
785 1975 890 2038 levitas
914 1974 1051 2038 dominus
1075 1995 1091 2038 a
1116 1982 1181 2038 ter·
1293 2030 1300 2038 .

86 2106 181 2152 renae
201 2089 403 2171 possessionis
426 2091 589 2170 consortio,
608 2087 635 2172 ¹)
659 2089 738 2171 quod
761 2090 826 2171 ipse
848 2090 904 2153 iliis
928 2097 1010 2153 esset
1033 2089 1181 2153 funiculus

86 2202 268 2267 hereditatis.
320 2204 404 2267 Unde
434 2205 474 2266 ait
504 2204 614 2268 David:
637 2202 670 2288 ²)
705 2206 857 2270 Dominus
886 2225 964 2286 pars
995 2206 1180 2268 hereditatis

86 2336 172 2378 meae
195 2323 225 2377 et
247 2316 355 2378 calicis
377 2318 444 2378 mei.
489 2317 625 2399 Denique
644 2319 688 2381 sio
703 2319 865 2401 appellatur
880 2319 978 2399 levita,
1002 2321 1065 2402 ipse
1085 2336 1179 2399 meus,

86 2430 136 2503 vel
158 2431 223 2514 ipse
245 2449 300 2513 pro
324 2450 382 2493 me.
427 2431 566 2514 Magnum
589 2451 664 2515 ergo
689 2451 795 2496 munus
819 2435 901 2513 eius,
932 2441 964 2496 ut
995 2434 1032 2496 de
1060 2453 1096 2496 eo
1122 2435 1181 2496 do-

86 2547 183 2608 minus
213 2546 307 2609 dicat:
342 2547 408 2628 lpse
436 2564 537 2626 meus,
569 2547 618 2610 vel
648 2547 893 2629 quemadmodum
922 2549 1008 2611 Petro
1040 2549 1113 2612 dixit
1143 2548 1181 2610 de

87 2668 199 2724 statere
216 2662 245 2725 in
262 2679 316 2723 ore
332 2661 422 2742 piscis
438 2663 576 2742 reperto:
591 2657 624 2745 ³)
648 2660 749 2723 Dabis
765 2663 810 2723 eis
823 2680 884 2740 pro
900 2681 945 2722 me
968 2671 998 2722 et
1021 2671 1057 2723 te.
1095 2661 1180 2724 Unde

88 2783 117 2839 et
148 2776 301 2860 apostolus
332 2794 398 2838 cum
431 2777 604 2859 episcopum
637 2776 760 2839 dixisset
792 2775 903 2839 debere
936 2793 1005 2838 esse
1038 2776 1180 2856 sobrium,

86 2891 241 2977 pudicum,
265 2897 417 2970 ornatum,
440 2891 630 2974 hospitalem,
662 2892 835 2973 docibilem,
865 2910 927 2955 non
950 2911 1089 2971 avarum,
1118 2911 1180 2955 non

86 3008 258 3090 litigiosum,
282 3004 380 3069 domui
403 3024 476 3069 suae
499 3008 576 3068 bene
590 3007 802 3088 praepositum,
826 3005 951 3069 addidit:
966 3003 998 3090 ⁴)
1021 3009 1180 3071 Diaconos

85 3121 229 3186 similiter
252 3127 371 3202 oporiet
392 3140 459 3183 esse
480 3140 605 3201 proces,
631 3140 695 3185 non
718 3121 883 3204 biiinpoes,
908 3141 971 3185 nom
992 3122 1085 3185 molto
1108 3122 1180 3184 cino

86 3236 226 3312 deditos,
262 3252 324 3296 non
354 3241 442 3313 turpe
474 3234 594 3294 istorum
624 3241 777 3296 sectantes
784 3281 794 3312 ,
827 3234 973 3298 babentes
1004 3235 1180 3317 mysterium

85 3351 161 3431 fidei
184 3351 218 3410 in
240 3349 545 3431 conscientiopttra.
587 3347 624 3411 Et
645 3347 674 3410 hi
697 3357 795 3411 autem
818 3350 981 3432 probentur
1004 3346 1181 3431 primum'ei

86 3466 131 3529 sio
154 3465 329 3545 ministrent,
353 3463 464 3527 nullum
488 3464 600 3528 crimen
624 3465 777 3527 habentes.

174 3576 247 3644 247.
293 3577 482 3642 Advertimus
508 3586 615 3660 quanta
638 3579 668 3641 in
691 3579 778 3642 nobis
800 3579 1004 3661 requirantur,
1031 3584 1063 3640 ut
1085 3577 1180 3639 absti—
1247 3613 1257 3626 -

87 3713 164 3760 nens
186 3695 225 3758 sit
247 3713 264 3757 a
286 3695 356 3758 vino
384 3697 517 3758 minister
540 3696 667 3775 domini,
696 3704 729 3759 ut
750 3695 918 3759 testimonio
943 3695 1021 3756 bono
1045 3690 1181 3754 fulciatur

87 3830 150 3875 non
174 3809 271 3874 solum
294 3809 439 3889 fidelium,
462 3808 516 3872 sed
540 3810 626 3873 etiam
650 3809 694 3874 ab⁴
710 3809 771 3889 his,
796 3809 845 3889 qui
868 3807 942 3870 ioris
966 3812 1041 3869 sunt.
1087 3805 1181 3868 Decet

87 3927 167 3990 enim
190 3931 306 3989 actuum
330 3942 513 4007 operumque
535 3929 705 3988 nostrorum
728 3930 834 3987 testem
857 3939 926 3984 esse
949 3921 1093 4004 publicam
1110 3921 1179 3983 exi-

161 4168 188 4234 ι)
206 4168 278 4223 bum.
292 4166 336 4234 18,
349 4165 391 4220 aa.
428 4167 457 4235 2)
469 4165 558 4220 rsatm.
574 4165 615 4233 15,
629 4166 652 4217 5.
689 4164 814 4232 mmm
830 4162 927 4231 mar.
961 4161 991 4229 4)
1005 4160 1027 4214 1.
1039 4160 1099 4216 nm.
1113 4161 1139 4229 a,
1153 4161 1178 4214 a.
