2692 4666
127 334 170 397 84
576 327 602 380 s.
621 324 775 380 nnunosu

127 510 187 554 non
211 498 327 570 tamen,
351 495 382 552 ut
401 489 441 552 illi
464 489 586 553 ditiores
603 507 641 552 eo
658 489 722 552 lieri
745 487 853 571 uelint,
877 486 958 567 quod
980 492 1012 549 tu
1034 493 1122 568 potes
1146 503 1225 549 cou-

127 606 208 668 lerre
230 605 386 686 inopibus;
411 619 500 665 causa
523 602 600 665 enim
622 606 762 683 praestat,
787 618 847 662 non
870 599 974 682 gratia.
1013 599 1121 681 Neque
1146 599 1225 663 enim

126 725 286 800 propterea
316 723 346 780 te
369 716 489 781 domino
520 714 640 793 dicasti,
670 721 704 776 ut
735 719 803 776 tuos
835 711 940 774 divites
973 711 1085 792 lacius,
1114 711 1171 777 sed
1193 717 1225 775 ut

125 834 215 893 vitam
246 833 298 894 tibi
326 835 500 913 perpetuam
535 827 633 890 fructu
663 827 734 888 boni
767 825 868 907 operis
900 823 1040 906 adquiras
1071 833 1102 889 et
1125 825 1224 909 prelio

125 945 324 1008 miserationis
358 951 480 1027 peecata
503 942 630 1006 redimas
654 949 712 1005 tua.
757 940 863 1003 Putant
885 957 920 1004 se
943 958 1046 1023 parurn
1068 941 1224 1023 posceret

125 1060 255 1123 Pretium
278 1066 359 1122 tuum
383 1064 545 1140 quaerunt,
579 1059 657 1120 vitae
680 1064 748 1119 tuae
774 1055 901 1118 fructum
929 1052 1061 1119 adimere
1091 1061 1223 1118 conten-

126 1174 214 1252 dunt,
246 1178 275 1235 et
297 1190 332 1234 se
354 1174 430 1235 iuste
461 1172 562 1236 facere
591 1177 701 1252 putant.
747 1169 783 1232 Et
815 1175 935 1231 accusat
966 1168 1047 1251 quod
1076 1186 1144 1231 eum
1173 1167 1224 1230 di·

125 1289 215 1350 vitem
244 1286 457 1366 confeceris,
488 1305 555 1349 cum
577 1291 607 1346 te
630 1284 679 1346 ille
702 1284 774 1348 velit
806 1289 948 1346 aeternae
975 1282 1055 1346 vitae
1083 1280 1223 1345 fraudare

124 1399 274 1464 mercede

214 1507 286 1573 151.
305 1490 308 1501 ’
331 1509 491 1572 Consilium
513 1511 722 1590 prompsimus,
746 1510 951 1579 auctoritatem
974 1515 1116 1590 petamus.
1154 1508 1223 1570 Pri-

124 1641 201 1685 mum
225 1623 371 1684 neminem
395 1622 484 1684 debet
513 1623 646 1702 pudere,
676 1624 701 1685 si
725 1641 764 1683 ex
788 1621 878 1684 divite
912 1641 1026 1705 pauper
1055 1622 1121 1701 fiat,
1152 1619 1222 1684 dum

124 1734 250 1815 largitur
271 1735 411 1814 pauperi,
443 1734 512 1814 quia
536 1733 668 1796 Christus
697 1751 811 1815 pauper
834 1734 929 1797 faetus
952 1742 1016 1815 est,
1047 1755 1113 1798 oum
1136 1734 1222 1797 dives

125 1853 220 1926 esset,
251 1853 283 1908 ut
307 1862 411 1909 omnes
435 1865 488 1908 sua
511 1846 609 1927 inopia
633 1846 748 1910 ditaret.
769 1845 798 1930 ¹)
843 1847 932 1909 Dedit
953 1849 1103 1930 regulam,
1134 1867 1223 1929 quam

124 1979 301 2041 sequamur,
338 1966 371 2022 ut
402 1962 480 2024 bona
515 1962 590 2024 ratio
625 1962 663 2023 sit
695 1963 837 2025 exinaniti
871 1962 1039 2043 patrimonii
1047 1983 1056 2039 3
1094 1962 1120 2025 si
1155 1963 1222 2043 quis

123 2091 289 2155 pauperum
313 2071 419 2135 famem
442 2072 587 2154 reppulit,
613 2073 741 2153 inopiam
765 2073 939 2137 sublevavit.
984 2073 1069 2136 Unde
1092 2081 1123 2136 et
1145 2093 1223 2137 com-

127 2187 234 2249 siliom
257 2187 291 2248 im
318 2187 378 2249 lece
401 2187 459 2263 do,
491 2186 645 2267 aposlolus
670 2186 741 2248 dicit
757 2184 808 2271 ²);
839 2189 897 2250 loe
925 2189 1008 2249 emim
1037 2188 1126 2250 uobis
1147 2189 1224 2251 utile

124 2308 179 2376 est,
203 2309 238 2361 ut
263 2299 420 2361 Christum
443 2299 611 2359 imitemini.
653 2298 815 2362 Consilium
838 2301 926 2363 honis
949 2299 1045 2380 datur,
1069 2300 1221 2381 cdrreptio

125 2421 261 2476 errantes
295 2419 425 2477 coercet.
471 2412 606 2492 Denique
637 2414 721 2492 quasi
756 2414 842 2476 honis
874 2413 961 2476 dicit:
979 2410 1011 2496 ³)
1044 2413 1128 2488 Ouio
1159 2432 1224 2477 non

124 2536 243 2589 tuntum
273 2526 401 2606 faeere,
433 2527 489 2588 sed
518 2535 549 2588 et
576 2527 655 2588 ealle
686 2529 833 2606 coepistis
865 2528 904 2590 ab
932 2547 1016 2590 emme
1040 2529 1222 2607 praeterito.

122 2640 328 2704 Perfectorum
359 2647 515 2720 utrumque
547 2647 608 2719 est,
639 2659 700 2704 non
724 2658 801 2722 pars.
846 2640 948 2723 ltaque
979 2641 1068 2704 docet
1090 2648 1121 2704 et
1141 2641 1223 2704 libe·

121 2753 266 2815 ralitatem
299 2754 364 2816 sine
395 2754 595 2817 benivolentia
629 2761 659 2816 et
687 2754 920 2817 benivolentiam
951 2756 1016 2818 sine
1046 2754 1222 2819 liberalitate

122 2883 185 2928 non
212 2884 282 2929 esse
311 2867 481 2947 perlectam.
526 2867 611 2929 Unde
634 2866 671 2929 ad
694 2867 858 2948 perlectum
887 2867 1022 2931 hortatur
1054 2867 1172 2931 dicens:
1190 2863 1222 2950 ⁴)

123 2978 214 3040 Nume
237 2998 311 3059 erpo
328 2981 478 3060 olfacere
501 2986 723 3055 consummate,
747 2987 783 3040 ot
803 2981 1056 3058 quemadmodum
1076 2987 1223 3062 promptu

125 3098 171 3154 est
193 3093 226 3152 im
249 3091 339 3154 uobis
361 3091 508 3154 volumtas
530 3089 690 3169 faciendi,
721 3093 768 3154 ito
789 3094 834 3154 sit
855 3101 884 3155 et
904 3094 1089 3175 perficiendi
1111 3114 1153 3157 ee·
1175 3113 1220 3170 ee,

90 3202 94 3213 “
123 3205 208 3284 qood
231 3204 363 3267 dedetis.
410 3203 445 3264 Si
463 3206 544 3266 enim
565 3207 710 3269 celantes
731 3216 879 3287 prompto
901 3216 961 3286 est,
984 3210 1156 3272 secondom
1176 3209 1220 3286 id,

124 3318 207 3398 qood
227 3317 338 3395 hebet,
370 3325 528 3398 acceptum
551 3328 615 3397 est,
645 3338 710 3383 uon
732 3322 902 3384 seeundum
931 3322 1014 3403 qood
1036 3341 1100 3386 nom
1121 3321 1221 3386 tolet.

123 3430 195 3493 Neo
211 3431 292 3491 emim
307 3438 343 3493 ot
356 3431 431 3494 ultis
445 3430 576 3510 resectio
599 3433 659 3511 sit,
684 3433 773 3496 cedis
796 3441 897 3497 cotem
920 3435 1079 3516 depastio,
1103 3435 1161 3499 sed
1181 3453 1223 3497 em

124 3543 314 3623 aequalitate
320 3563 332 3617 ,·
355 3544 389 3605 io
407 3545 467 3607 lice
485 3553 619 3626 tempore
641 3556 750 3610 vestro
771 3546 971 3611 abundantio
985 3549 1028 3611 sit
1041 3547 1085 3611 ad
1098 3547 1223 3613 itteram

124 3656 280 3735 inopiam,
307 3663 343 3718 ot
364 3665 395 3718 et
416 3655 542 3718 illorum
563 3656 760 3721 abundantio
782 3659 826 3721 sit
849 3660 893 3721 ud
913 3665 1048 3723 oestrum
1069 3661 1221 3742 ineptam

124 3776 160 3829 ut
182 3769 241 3847 piot
274 3769 468 3850 aequalitas,
497 3770 582 3831 sieut
612 3772 763 3850 scriptum
796 3780 861 3833 est:
898 3770 959 3847 Oui
985 3773 1129 3852 meltum,
1158 3792 1223 3839 neo

127 3877 317 3944 abundavit:
342 3890 373 3943 et
394 3882 449 3960 qai
470 3883 639 3960 modicum,
663 3902 728 3948 nom
749 3885 927 3948 minoravit.

125 4028 333 4044 ————-

197 4119 226 4190 l)
245 4117 418 4191 eomes.
490 4123 520 4190 2)
538 4121 602 4179 uu.
617 4140 642 4180 v.
663 4123 703 4176 ro.
774 4123 805 4194 s)
822 4122 885 4181 ma.
957 4125 988 4196 a)
1005 4125 1108 4184 uruv.
1122 4036 1264 4213 ruffi
