<?xml version="1.0" encoding="UTF-8"?>
<!DOCTYPE html PUBLIC "-//W3C//DTD XHTML 1.0 Transitional//EN"
    "http://www.w3.org/TR/xhtml1/DTD/xhtml1-transitional.dtd">
<html xmlns="http://www.w3.org/1999/xhtml" xml:lang="en" lang="en">
 <head>
  <title>
</title>
<meta http-equiv="Content-Type" content="text/html;charset=utf-8" />
  <meta name='ocr-system' content='tesseract 3.04.00' />
  <meta name='ocr-capabilities' content='ocr_page ocr_carea ocr_par ocr_line ocrx_word'/>
</head>
<body>
  <div class='ocr_page' id='page_1' title='image "./deofficiisminis00krabgoog_0028.png"; bbox 0 0 2692 4666; ppageno 0'>
   <div class='ocr_carea' id='block_1_1' title="bbox 504 389 1153 458">
    <p class='ocr_par' dir='ltr' id='par_1_1' title="bbox 504 389 1153 458">
     <span class='ocr_line' id='line_1_1' title="bbox 504 389 1153 458; baseline 0.008 -12"><span class='ocrx_word' id='word_1_1' title='bbox 504 390 529 447; x_wconf 76' lang='grc'><strong>8.</strong></span> <span class='ocrx_word' id='word_1_2' title='bbox 547 389 711 450; x_wconf 74' lang='lat' dir='ltr'><strong>mbostt.</strong></span> <span class='ocrx_word' id='word_1_3' title='bbox 1114 389 1153 458; x_wconf 83' lang='lat' dir='ltr'><strong>ll</strong></span> 
     </span>
    </p>
   </div>
   <div class='ocr_carea' id='block_1_2' title="bbox 47 550 1172 4292">
    <p class='ocr_par' dir='ltr' id='par_1_2' title="bbox 47 550 1155 1641">
     <span class='ocr_line' id='line_1_2' title="bbox 47 550 1155 636; baseline 0 -21"><span class='ocrx_word' id='word_1_4' title='bbox 47 553 262 635; x_wconf 87' lang='lat' dir='ltr'><strong>propinquare</strong></span> <span class='ocrx_word' id='word_1_5' title='bbox 284 570 393 636; x_wconf 88' lang='lat' dir='ltr'><strong>posse,</strong></span> <span class='ocrx_word' id='word_1_6' title='bbox 416 571 521 616; x_wconf 88' lang='lat' dir='ltr'><strong>verum</strong></span> <span class='ocrx_word' id='word_1_7' title='bbox 544 554 631 617; x_wconf 91' lang='lat' dir='ltr'><strong>etiarn</strong></span> <span class='ocrx_word' id='word_1_8' title='bbox 654 570 710 616; x_wconf 91' lang='lat' dir='ltr'><strong>nec</strong></span> <span class='ocrx_word' id='word_1_9' title='bbox 732 552 770 615; x_wconf 92' lang='lat' dir='ltr'><strong>ad</strong></span> <span class='ocrx_word' id='word_1_10' title='bbox 793 550 874 615; x_wconf 89' lang='lat' dir='ltr'><strong>iores</strong></span> <span class='ocrx_word' id='word_1_11' title='bbox 898 553 1021 633; x_wconf 87' lang='lat' dir='ltr'><strong>domus,</strong></span> <span class='ocrx_word' id='word_1_12' title='bbox 1044 555 1073 616; x_wconf 93' lang='lat' dir='ltr'><strong>in</strong></span> <span class='ocrx_word' id='word_1_13' title='bbox 1097 573 1155 635; x_wconf 90' lang='lat' dir='ltr'><strong>qua</strong></span> 
     </span>
     <span class='ocr_line' id='line_1_3' title="bbox 56 667 1154 752; baseline 0 -22"><span class='ocrx_word' id='word_1_14' title='bbox 56 669 196 731; x_wconf 90' lang='lat' dir='ltr'><strong>manebat</strong></span> <span class='ocrx_word' id='word_1_15' title='bbox 228 670 407 749; x_wconf 88' lang='lat' dir='ltr'><strong>episcopus,</strong></span> <span class='ocrx_word' id='word_1_16' title='bbox 440 671 580 750; x_wconf 88' lang='lat' dir='ltr'><strong>quoniam</strong></span> <span class='ocrx_word' id='word_1_17' title='bbox 614 669 692 752; x_wconf 85' lang='lat' dir='ltr'><strong>ignis</strong></span> <span class='ocrx_word' id='word_1_18' title='bbox 725 667 932 748; x_wconf 90' lang='lat' dir='ltr'><strong>insuperabilis</strong></span> <span class='ocrx_word' id='word_1_19' title='bbox 966 685 1052 730; x_wconf 85' lang='lat' dir='ltr'><strong>omne</strong></span> <span class='ocrx_word' id='word_1_20' title='bbox 1086 667 1154 730; x_wconf 95' lang='lat' dir='ltr'><strong>illud</strong></span> 
     </span>
     <span class='ocr_line' id='line_1_4' title="bbox 57 780 1155 863; baseline -0.004 -18"><span class='ocrx_word' id='word_1_21' title='bbox 57 780 221 845; x_wconf 90' lang='lat' dir='ltr'><strong>aedificium</strong></span> <span class='ocrx_word' id='word_1_22' title='bbox 245 781 454 861; x_wconf 93' lang='lat' dir='ltr'><strong>communiret,</strong></span> <span class='ocrx_word' id='word_1_23' title='bbox 484 788 517 843; x_wconf 94' lang='lat' dir='ltr'><strong>ut</strong></span> <span class='ocrx_word' id='word_1_24' title='bbox 546 782 632 843; x_wconf 90' lang='lat' dir='ltr'><strong>etiarn</strong></span> <span class='ocrx_word' id='word_1_25' title='bbox 661 781 754 863; x_wconf 84' lang='lat' dir='ltr'><strong>longe</strong></span> <span class='ocrx_word' id='word_1_26' title='bbox 782 780 869 861; x_wconf 89' lang='lat' dir='ltr'><strong>positi</strong></span> <span class='ocrx_word' id='word_1_27' title='bbox 899 786 1066 841; x_wconf 88' lang='lat' dir='ltr'><strong>urerentur.</strong></span> <span class='ocrx_word' id='word_1_28' title='bbox 1114 780 1155 842; x_wconf 90' lang='lat' dir='ltr'><strong>lta</strong></span> 
     </span>
     <span class='ocr_line' id='line_1_5' title="bbox 57 892 1155 975; baseline 0.001 -21"><span class='ocrx_word' id='word_1_29' title='bbox 57 910 198 955; x_wconf 80' lang='lat' dir='ltr'><strong>cessasse</strong></span> <span class='ocrx_word' id='word_1_30' title='bbox 228 899 306 955; x_wconf 85' lang='lat' dir='ltr'><strong>artes</strong></span> <span class='ocrx_word' id='word_1_31' title='bbox 329 911 416 973; x_wconf 91' lang='lat' dir='ltr'><strong>suas,</strong></span> <span class='ocrx_word' id='word_1_32' title='bbox 449 894 556 975; x_wconf 90' lang='lat' dir='ltr'><strong>quibus</strong></span> <span class='ocrx_word' id='word_1_33' title='bbox 586 893 731 956; x_wconf 87' lang='lat' dir='ltr'><strong>adversus</strong></span> <span class='ocrx_word' id='word_1_34' title='bbox 762 892 873 956; x_wconf 92' lang='lat' dir='ltr'><strong>domini</strong></span> <span class='ocrx_word' id='word_1_35' title='bbox 903 893 1090 956; x_wconf 82' lang='lat' dir='ltr'><strong>sacerdotem</strong></span> <span class='ocrx_word' id='word_1_36' title='bbox 1120 911 1155 955; x_wconf 90' lang='lat' dir='ltr'><strong>se</strong></span> 
     </span>
     <span class='ocr_line' id='line_1_6' title="bbox 56 1004 1154 1088; baseline -0.003 -19"><span class='ocrx_word' id='word_1_37' title='bbox 56 1006 168 1088; x_wconf 85' lang='lat' dir='ltr'><strong>aliquid</strong></span> <span class='ocrx_word' id='word_1_38' title='bbox 199 1023 290 1088; x_wconf 91' lang='lat' dir='ltr'><strong>posse</strong></span> <span class='ocrx_word' id='word_1_39' title='bbox 323 1006 527 1069; x_wconf 80' lang='lat' dir='ltr'><strong>arbitrabatur.</strong></span> <span class='ocrx_word' id='word_1_40' title='bbox 578 1005 664 1068; x_wconf 87' lang='lat' dir='ltr'><strong>Alius</strong></span> <span class='ocrx_word' id='word_1_41' title='bbox 697 1006 785 1068; x_wconf 90' lang='lat' dir='ltr'><strong>etiam</strong></span> <span class='ocrx_word' id='word_1_42' title='bbox 819 1004 949 1088; x_wconf 83' lang='lat' dir='ltr'><strong>gladium</strong></span> <span class='ocrx_word' id='word_1_43' title='bbox 981 1004 1083 1066; x_wconf 85' lang='lat' dir='ltr'><strong>ferens</strong></span> <span class='ocrx_word' id='word_1_44' title='bbox 1118 1004 1154 1066; x_wconf 91' lang='lat' dir='ltr'><strong>ad</strong></span> 
     </span>
     <span class='ocr_line' id='line_1_7' title="bbox 56 1119 1154 1203; baseline -0.004 -19"><span class='ocrx_word' id='word_1_45' title='bbox 56 1122 225 1184; x_wconf 82' lang='lat' dir='ltr'><strong>cubiculum</strong></span> <span class='ocrx_word' id='word_1_46' title='bbox 248 1139 345 1201; x_wconf 84' lang='lat' dir='ltr'><strong>usque</strong></span> <span class='ocrx_word' id='word_1_47' title='bbox 367 1123 514 1203; x_wconf 90' lang='lat' dir='ltr'><strong>pervenit,</strong></span> <span class='ocrx_word' id='word_1_48' title='bbox 537 1127 570 1182; x_wconf 90' lang='lat' dir='ltr'><strong>ut</strong></span> <span class='ocrx_word' id='word_1_49' title='bbox 592 1120 775 1183; x_wconf 85' lang='lat' dir='ltr'><strong>interficeret</strong></span> <span class='ocrx_word' id='word_1_50' title='bbox 790 1121 994 1196; x_wconf 82' lang='lat' dir='ltr'><strong>sacerdotem3</strong></span> <span class='ocrx_word' id='word_1_51' title='bbox 1019 1119 1072 1180; x_wconf 90' lang='lat' dir='ltr'><strong>sed</strong></span> <span class='ocrx_word' id='word_1_52' title='bbox 1089 1137 1154 1181; x_wconf 89' lang='lat' dir='ltr'><strong>curn</strong></span> 
     </span>
     <span class='ocr_line' id='line_1_8' title="bbox 57 1234 1155 1318; baseline -0.004 -20"><span class='ocrx_word' id='word_1_53' title='bbox 57 1236 208 1298; x_wconf 86' lang='lat' dir='ltr'><strong>elevasset</strong></span> <span class='ocrx_word' id='word_1_54' title='bbox 231 1254 356 1314; x_wconf 88' lang='lat' dir='ltr'><strong>manum,</strong></span> <span class='ocrx_word' id='word_1_55' title='bbox 380 1235 512 1298; x_wconf 92' lang='lat' dir='ltr'><strong>districto</strong></span> <span class='ocrx_word' id='word_1_56' title='bbox 536 1235 654 1318; x_wconf 84' lang='lat' dir='ltr'><strong>gladio,</strong></span> <span class='ocrx_word' id='word_1_57' title='bbox 679 1234 803 1298; x_wconf 88' lang='lat' dir='ltr'><strong>dextera</strong></span> <span class='ocrx_word' id='word_1_58' title='bbox 826 1236 985 1316; x_wconf 85' lang='lat' dir='ltr'><strong>obrigente</strong></span> <span class='ocrx_word' id='word_1_59' title='bbox 1006 1235 1155 1296; x_wconf 88' lang='lat' dir='ltr'><strong>remansit.</strong></span> 
     </span>
     <span class='ocr_line' id='line_1_9' title="bbox 56 1348 1154 1432; baseline -0.003 -21"><span class='ocrx_word' id='word_1_60' title='bbox 56 1350 143 1412; x_wconf 84' lang='lat' dir='ltr'><strong>Tunc</strong></span> <span class='ocrx_word' id='word_1_61' title='bbox 166 1368 200 1411; x_wconf 92' lang='lat' dir='ltr'><strong>se</strong></span> <span class='ocrx_word' id='word_1_62' title='bbox 222 1351 343 1412; x_wconf 93' lang='lat' dir='ltr'><strong>missum</strong></span> <span class='ocrx_word' id='word_1_63' title='bbox 366 1369 382 1412; x_wconf 87' lang='lat' dir='ltr'><strong>a</strong></span> <span class='ocrx_word' id='word_1_64' title='bbox 407 1351 516 1413; x_wconf 92' lang='lat' dir='ltr'><strong>lustina</strong></span> <span class='ocrx_word' id='word_1_65' title='bbox 540 1358 695 1432; x_wconf 90' lang='lat' dir='ltr'><strong>postquam</strong></span> <span class='ocrx_word' id='word_1_66' title='bbox 721 1349 879 1413; x_wconf 84' lang='lat' dir='ltr'><strong>confessus</strong></span> <span class='ocrx_word' id='word_1_67' title='bbox 904 1354 964 1426; x_wconf 87' lang='lat' dir='ltr'><strong>est,</strong></span> <span class='ocrx_word' id='word_1_68' title='bbox 994 1348 1154 1426; x_wconf 88' lang='lat' dir='ltr'><strong>brachium,</strong></span> 
     </span>
     <span class='ocr_line' id='line_1_10' title="bbox 56 1461 1154 1550; baseline -0.001 -25"><span class='ocrx_word' id='word_1_69' title='bbox 56 1463 157 1546; x_wconf 88' lang='lat' dir='ltr'><strong>quod,</strong></span> <span class='ocrx_word' id='word_1_70' title='bbox 181 1465 282 1543; x_wconf 91' lang='lat' dir='ltr'><strong>inique</strong></span> <span class='ocrx_word' id='word_1_71' title='bbox 306 1484 373 1526; x_wconf 94' lang='lat' dir='ltr'><strong>cum</strong></span> <span class='ocrx_word' id='word_1_72' title='bbox 396 1465 628 1545; x_wconf 81' lang='lat' dir='ltr'><strong>extenderetur,</strong></span> <span class='ocrx_word' id='word_1_73' title='bbox 653 1466 843 1550; x_wconf 85' lang='lat' dir='ltr'><strong>obriguerat,</strong></span> <span class='ocrx_word' id='word_1_74' title='bbox 873 1469 1005 1525; x_wconf 91' lang='lat' dir='ltr'><strong>sanatum</strong></span> <span class='ocrx_word' id='word_1_75' title='bbox 1029 1461 1154 1525; x_wconf 84' lang='lat' dir='ltr'><strong>confes-</strong></span> 
     </span>
     <span class='ocr_line' id='line_1_11' title="bbox 55 1579 222 1641; baseline -0.024 0"><span class='ocrx_word' id='word_1_76' title='bbox 55 1579 145 1641; x_wconf 89' lang='lat' dir='ltr'><strong>sione</strong></span> <span class='ocrx_word' id='word_1_77' title='bbox 168 1584 222 1641; x_wconf 90' lang='lat' dir='ltr'><strong>est.</strong></span> 
     </span>
    </p>

    <p class='ocr_par' dir='ltr' id='par_1_3' title="bbox 55 1687 1155 3033">
     <span class='ocr_line' id='line_1_12' title="bbox 147 1687 1155 1776; baseline 0.005 -25"><span class='ocrx_word' id='word_1_78' title='bbox 147 1687 198 1754; x_wconf 84' lang='lat'><strong>21.</strong></span> <span class='ocrx_word' id='word_1_79' title='bbox 243 1694 299 1755; x_wconf 87' lang='lat' dir='ltr'><strong>Per</strong></span> <span class='ocrx_word' id='word_1_80' title='bbox 323 1692 400 1756; x_wconf 90' lang='lat' dir='ltr'><strong>idem</strong></span> <span class='ocrx_word' id='word_1_81' title='bbox 423 1700 539 1776; x_wconf 89' lang='lat' dir='ltr'><strong>tempus</strong></span> <span class='ocrx_word' id='word_1_82' title='bbox 562 1712 628 1757; x_wconf 89' lang='lat' dir='ltr'><strong>cum</strong></span> <span class='ocrx_word' id='word_1_83' title='bbox 656 1695 702 1755; x_wconf 93' lang='lat' dir='ltr'><strong>vir</strong></span> <span class='ocrx_word' id='word_1_84' title='bbox 733 1694 862 1756; x_wconf 93' lang='lat' dir='ltr'><strong>inlustris</strong></span> <span class='ocrx_word' id='word_1_85' title='bbox 885 1694 999 1757; x_wconf 91' lang='lat' dir='ltr'><strong>Probus</strong></span> <span class='ocrx_word' id='word_1_86' title='bbox 1030 1711 1155 1774; x_wconf 93' lang='lat' dir='ltr'><strong>puerum</strong></span> 
     </span>
     <span class='ocr_line' id='line_1_13' title="bbox 55 1807 1154 1891; baseline -0.001 -22"><span class='ocrx_word' id='word_1_87' title='bbox 55 1824 143 1869; x_wconf 90' lang='lat' dir='ltr'><strong>suum</strong></span> <span class='ocrx_word' id='word_1_88' title='bbox 167 1809 331 1888; x_wconf 91' lang='lat' dir='ltr'><strong>notarium,</strong></span> <span class='ocrx_word' id='word_1_89' title='bbox 365 1809 414 1889; x_wconf 90' lang='lat' dir='ltr'><strong>qui</strong></span> <span class='ocrx_word' id='word_1_90' title='bbox 436 1811 541 1891; x_wconf 90' lang='lat' dir='ltr'><strong>spiritu</strong></span> <span class='ocrx_word' id='word_1_91' title='bbox 569 1807 712 1871; x_wconf 92' lang='lat' dir='ltr'><strong>inmundo</strong></span> <span class='ocrx_word' id='word_1_92' title='bbox 735 1810 868 1891; x_wconf 84' lang='lat' dir='ltr'><strong>graviter</strong></span> <span class='ocrx_word' id='word_1_93' title='bbox 890 1809 1073 1885; x_wconf 87' lang='lat' dir='ltr'><strong>vexabatur,</strong></span> <span class='ocrx_word' id='word_1_94' title='bbox 1106 1807 1154 1869; x_wconf 96' lang='lat' dir='ltr'><strong>di-</strong></span> 
     </span>
     <span class='ocr_line' id='line_1_14' title="bbox 55 1917 1154 2008; baseline -0.001 -23"><span class='ocrx_word' id='word_1_95' title='bbox 55 1924 189 1985; x_wconf 85' lang='lat' dir='ltr'><strong>rexisset</strong></span> <span class='ocrx_word' id='word_1_96' title='bbox 213 1924 248 1986; x_wconf 91' lang='lat' dir='ltr'><strong>ad</strong></span> <span class='ocrx_word' id='word_1_97' title='bbox 270 1917 451 2005; x_wconf 90' lang='lat' dir='ltr'><strong>episcopum,</strong></span> <span class='ocrx_word' id='word_1_98' title='bbox 475 1942 631 2008; x_wconf 85' lang='lat' dir='ltr'><strong>egressum</strong></span> <span class='ocrx_word' id='word_1_99' title='bbox 647 1925 755 1986; x_wconf 92' lang='lat' dir='ltr'><strong>Urbem</strong></span> <span class='ocrx_word' id='word_1_100' title='bbox 773 1923 880 1985; x_wconf 89' lang='lat' dir='ltr'><strong>dimisit</strong></span> <span class='ocrx_word' id='word_1_101' title='bbox 895 1922 1030 1985; x_wconf 91' lang='lat' dir='ltr'><strong>diabolus</strong></span> <span class='ocrx_word' id='word_1_102' title='bbox 1047 1923 1154 1984; x_wconf 91' lang='lat' dir='ltr'><strong>timens</strong></span> 
     </span>
     <span class='ocr_line' id='line_1_15' title="bbox 56 2036 1154 2120; baseline -0.002 -20"><span class='ocrx_word' id='word_1_103' title='bbox 56 2037 93 2100; x_wconf 88' lang='lat' dir='ltr'><strong>ad</strong></span> <span class='ocrx_word' id='word_1_104' title='bbox 118 2037 213 2099; x_wconf 92' lang='lat' dir='ltr'><strong>virum</strong></span> <span class='ocrx_word' id='word_1_105' title='bbox 236 2045 369 2100; x_wconf 91' lang='lat' dir='ltr'><strong>sanctum</strong></span> <span class='ocrx_word' id='word_1_106' title='bbox 391 2040 533 2120; x_wconf 83' lang='lat' dir='ltr'><strong>perduci3</strong></span> <span class='ocrx_word' id='word_1_107' title='bbox 566 2045 655 2120; x_wconf 87' lang='lat' dir='ltr'><strong>atque</strong></span> <span class='ocrx_word' id='word_1_108' title='bbox 677 2040 716 2100; x_wconf 93' lang='lat' dir='ltr'><strong>ita</strong></span> <span class='ocrx_word' id='word_1_109' title='bbox 739 2057 815 2120; x_wconf 88' lang='lat' dir='ltr'><strong>puer</strong></span> <span class='ocrx_word' id='word_1_110' title='bbox 842 2037 971 2119; x_wconf 89' lang='lat' dir='ltr'><strong>quandiu</strong></span> <span class='ocrx_word' id='word_1_111' title='bbox 995 2036 1154 2099; x_wconf 88' lang='lat' dir='ltr'><strong>Mediolani</strong></span> 
     </span>
     <span class='ocr_line' id='line_1_16' title="bbox 56 2151 1153 2234; baseline 0.001 -21"><span class='ocrx_word' id='word_1_112' title='bbox 56 2151 135 2233; x_wconf 91' lang='lat' dir='ltr'><strong>apud</strong></span> <span class='ocrx_word' id='word_1_113' title='bbox 160 2153 331 2234; x_wconf 91' lang='lat' dir='ltr'><strong>episcopum</strong></span> <span class='ocrx_word' id='word_1_114' title='bbox 354 2152 424 2232; x_wconf 87' lang='lat' dir='ltr'><strong>fuit,</strong></span> <span class='ocrx_word' id='word_1_115' title='bbox 458 2153 535 2216; x_wconf 92' lang='lat' dir='ltr'><strong>nulla</strong></span> <span class='ocrx_word' id='word_1_116' title='bbox 559 2154 589 2215; x_wconf 93' lang='lat' dir='ltr'><strong>in</strong></span> <span class='ocrx_word' id='word_1_117' title='bbox 611 2153 662 2216; x_wconf 92' lang='lat' dir='ltr'><strong>illo</strong></span> <span class='ocrx_word' id='word_1_118' title='bbox 686 2153 795 2216; x_wconf 89' lang='lat' dir='ltr'><strong>diaboli</strong></span> <span class='ocrx_word' id='word_1_119' title='bbox 819 2153 978 2216; x_wconf 86' lang='lat' dir='ltr'><strong>dominatio</strong></span> <span class='ocrx_word' id='word_1_120' title='bbox 1002 2151 1136 2233; x_wconf 90' lang='lat' dir='ltr'><strong>adparuit</strong></span> <span class='ocrx_word' id='word_1_121' title='bbox 1144 2173 1153 2229; x_wconf 83' lang='lat'>3</span> 
     </span>
     <span class='ocr_line' id='line_1_17' title="bbox 56 2263 1154 2348; baseline 0.001 -22"><span class='ocrx_word' id='word_1_122' title='bbox 56 2263 111 2326; x_wconf 88' lang='lat' dir='ltr'><strong>sed</strong></span> <span class='ocrx_word' id='word_1_123' title='bbox 134 2264 184 2325; x_wconf 88' lang='grc'><strong>11111</strong></span> <span class='ocrx_word' id='word_1_124' title='bbox 209 2283 352 2348; x_wconf 87' lang='lat' dir='ltr'><strong>egressus</strong></span> <span class='ocrx_word' id='word_1_125' title='bbox 376 2265 413 2327; x_wconf 92' lang='lat' dir='ltr'><strong>de</strong></span> <span class='ocrx_word' id='word_1_126' title='bbox 436 2266 604 2329; x_wconf 89' lang='lat' dir='ltr'><strong>Mediolano</strong></span> <span class='ocrx_word' id='word_1_127' title='bbox 629 2273 675 2330; x_wconf 90' lang='lat' dir='ltr'><strong>est</strong></span> <span class='ocrx_word' id='word_1_128' title='bbox 698 2272 727 2328; x_wconf 90' lang='lat' dir='ltr'><strong>et</strong></span> <span class='ocrx_word' id='word_1_129' title='bbox 749 2284 844 2348; x_wconf 88' lang='lat' dir='ltr'><strong>prope</strong></span> <span class='ocrx_word' id='word_1_130' title='bbox 867 2267 975 2328; x_wconf 89' lang='lat' dir='ltr'><strong>Urbem</strong></span> <span class='ocrx_word' id='word_1_131' title='bbox 1007 2268 1154 2347; x_wconf 88' lang='lat' dir='ltr'><strong>pervenit,</strong></span> 
     </span>
     <span class='ocr_line' id='line_1_18' title="bbox 57 2377 1153 2461; baseline 0.004 -23"><span class='ocrx_word' id='word_1_132' title='bbox 57 2377 135 2439; x_wconf 87' lang='lat' dir='ltr'><strong>idem</strong></span> <span class='ocrx_word' id='word_1_133' title='bbox 159 2379 296 2459; x_wconf 92' lang='lat' dir='ltr'><strong>spiritus,</strong></span> <span class='ocrx_word' id='word_1_134' title='bbox 314 2382 379 2461; x_wconf 89' lang='lat' dir='ltr'><strong>-qui</strong></span> <span class='ocrx_word' id='word_1_135' title='bbox 409 2381 488 2442; x_wconf 93' lang='lat' dir='ltr'><strong>illum</strong></span> <span class='ocrx_word' id='word_1_136' title='bbox 519 2388 586 2443; x_wconf 89' lang='lat' dir='ltr'><strong>ante</strong></span> <span class='ocrx_word' id='word_1_137' title='bbox 616 2381 775 2460; x_wconf 88' lang='lat' dir='ltr'><strong>babuerat,</strong></span> <span class='ocrx_word' id='word_1_138' title='bbox 807 2399 921 2443; x_wconf 88' lang='lat' dir='ltr'><strong>vexare</strong></span> <span class='ocrx_word' id='word_1_139' title='bbox 945 2381 1051 2461; x_wconf 89' lang='lat' dir='ltr'><strong>coepit.</strong></span> <span class='ocrx_word' id='word_1_140' title='bbox 1097 2381 1153 2455; x_wconf 80' lang='lat' dir='ltr'><strong>Qui</strong></span> 
     </span>
     <span class='ocr_line' id='line_1_19' title="bbox 58 2492 1153 2576; baseline 0 -22"><span class='ocrx_word' id='word_1_141' title='bbox 58 2511 123 2555; x_wconf 91' lang='lat' dir='ltr'><strong>curn</strong></span> <span class='ocrx_word' id='word_1_142' title='bbox 140 2495 377 2575; x_wconf 85' lang='lat' dir='ltr'><strong>interrogaretur·</strong></span> <span class='ocrx_word' id='word_1_143' title='bbox 393 2498 428 2559; x_wconf 93' lang='lat' dir='ltr'><strong>ab</strong></span> <span class='ocrx_word' id='word_1_144' title='bbox 446 2497 614 2574; x_wconf 88' lang='lat' dir='ltr'><strong>exorcistis,</strong></span> <span class='ocrx_word' id='word_1_145' title='bbox 634 2514 695 2575; x_wconf 86' lang='lat' dir='ltr'><strong>cur,</strong></span> <span class='ocrx_word' id='word_1_146' title='bbox 718 2494 848 2576; x_wconf 90' lang='lat' dir='ltr'><strong>quandiu</strong></span> <span class='ocrx_word' id='word_1_147' title='bbox 863 2495 1021 2556; x_wconf 87' lang='lat' dir='ltr'><strong>Mediolani</strong></span> <span class='ocrx_word' id='word_1_148' title='bbox 1038 2492 1153 2572; x_wconf 84' lang='lat' dir='ltr'><strong>fuisset,</strong></span> 
     </span>
     <span class='ocr_line' id='line_1_20' title="bbox 58 2585 1154 2691; baseline 0.001 -22"><span class='ocrx_word' id='word_1_149' title='bbox 58 2625 117 2669; x_wconf 93' lang='lat' dir='ltr'><strong>non</strong></span> <span class='ocrx_word' id='word_1_150' title='bbox 142 2608 171 2668; x_wconf 91' lang='lat' dir='ltr'><strong>in</strong></span> <span class='ocrx_word' id='word_1_151' title='bbox 195 2608 243 2672; x_wconf 91' lang='lat' dir='ltr'><strong>illo</strong></span> <span class='ocrx_word' id='word_1_152' title='bbox 269 2608 472 2691; x_wconf 87' lang='lat' dir='ltr'><strong>adparuisset,</strong></span> <span class='ocrx_word' id='word_1_153' title='bbox 505 2611 662 2674; x_wconf 79' lang='lat' dir='ltr'><strong>confessus</strong></span> <span class='ocrx_word' id='word_1_154' title='bbox 687 2617 732 2673; x_wconf 91' lang='lat' dir='ltr'><strong>est</strong></span> <span class='ocrx_word' id='word_1_155' title='bbox 756 2611 889 2673; x_wconf 91' lang='lat' dir='ltr'><strong>diabolus</strong></span> <span class='ocrx_word' id='word_1_156' title='bbox 919 2610 1053 2671; x_wconf 92' lang='lat' dir='ltr'><strong>timuisse</strong></span> <span class='ocrx_word' id='word_1_157' title='bbox 1076 2585 1154 2670; x_wconf 89' lang='lat' dir='ltr'><strong>Arn-</strong></span> 
     </span>
     <span class='ocr_line' id='line_1_21' title="bbox 57 2720 1153 2805; baseline 0.002 -24"><span class='ocrx_word' id='word_1_158' title='bbox 57 2720 207 2798; x_wconf 80' lang='lat' dir='ltr'><strong>brosium3</strong></span> <span class='ocrx_word' id='word_1_159' title='bbox 238 2721 307 2784; x_wconf 92' lang='lat' dir='ltr'><strong>ideo</strong></span> <span class='ocrx_word' id='word_1_160' title='bbox 331 2725 496 2786; x_wconf 89' lang='lat' dir='ltr'><strong>recessisse</strong></span> <span class='ocrx_word' id='word_1_161' title='bbox 520 2723 555 2785; x_wconf 93' lang='lat' dir='ltr'><strong>ad</strong></span> <span class='ocrx_word' id='word_1_162' title='bbox 580 2731 694 2805; x_wconf 90' lang='lat' dir='ltr'><strong>tempus</strong></span> <span class='ocrx_word' id='word_1_163' title='bbox 718 2730 805 2805; x_wconf 91' lang='lat' dir='ltr'><strong>atque</strong></span> <span class='ocrx_word' id='word_1_164' title='bbox 829 2729 1022 2805; x_wconf 88' lang='lat' dir='ltr'><strong>exspectasse</strong></span> <span class='ocrx_word' id='word_1_165' title='bbox 1052 2723 1081 2784; x_wconf 95' lang='lat' dir='ltr'><strong>in</strong></span> <span class='ocrx_word' id='word_1_166' title='bbox 1103 2721 1153 2784; x_wconf 95' lang='lat' dir='ltr'><strong>illo</strong></span> 
     </span>
     <span class='ocr_line' id='line_1_22' title="bbox 56 2835 1153 2915; baseline 0.004 -19"><span class='ocrx_word' id='word_1_167' title='bbox 56 2835 145 2912; x_wconf 90' lang='lat' dir='ltr'><strong>loco,</strong></span> <span class='ocrx_word' id='word_1_168' title='bbox 169 2835 219 2896; x_wconf 90' lang='lat' dir='ltr'><strong>ubi</strong></span> <span class='ocrx_word' id='word_1_169' title='bbox 242 2836 278 2897; x_wconf 91' lang='lat' dir='ltr'><strong>ab</strong></span> <span class='ocrx_word' id='word_1_170' title='bbox 301 2836 351 2898; x_wconf 94' lang='lat' dir='ltr'><strong>illo</strong></span> <span class='ocrx_word' id='word_1_171' title='bbox 374 2844 557 2915; x_wconf 89' lang='lat' dir='ltr'><strong>recesserat,</strong></span> <span class='ocrx_word' id='word_1_172' title='bbox 582 2837 679 2900; x_wconf 92' lang='lat' dir='ltr'><strong>donec</strong></span> <span class='ocrx_word' id='word_1_173' title='bbox 702 2842 914 2899; x_wconf 89' lang='lat' dir='ltr'><strong>reverteretur.</strong></span> <span class='ocrx_word' id='word_1_174' title='bbox 954 2837 1020 2911; x_wconf 85' lang='lat' dir='ltr'><strong>Quo</strong></span> <span class='ocrx_word' id='word_1_175' title='bbox 1043 2854 1153 2900; x_wconf 87' lang='lat' dir='ltr'><strong>rever·</strong></span> 
     </span>
     <span class='ocr_line' id='line_1_23' title="bbox 58 2950 728 3033; baseline 0.004 -23"><span class='ocrx_word' id='word_1_176' title='bbox 58 2954 139 3011; x_wconf 87' lang='lat' dir='ltr'><strong>tenta</strong></span> <span class='ocrx_word' id='word_1_177' title='bbox 162 2967 226 3027; x_wconf 90' lang='lat' dir='ltr'><strong>vas,</strong></span> <span class='ocrx_word' id='word_1_178' title='bbox 249 2950 328 3030; x_wconf 90' lang='lat' dir='ltr'><strong>quod</strong></span> <span class='ocrx_word' id='word_1_179' title='bbox 352 2950 536 3031; x_wconf 89' lang='lat' dir='ltr'><strong>deseruerat,</strong></span> <span class='ocrx_word' id='word_1_180' title='bbox 560 2953 728 3033; x_wconf 87' lang='lat' dir='ltr'><strong>repetisset.</strong></span> 
     </span>
    </p>

    <p class='ocr_par' dir='ltr' id='par_1_4' title="bbox 57 3061 1172 4292">
     <span class='ocr_line' id='line_1_24' title="bbox 145 3061 1154 3148; baseline 0.001 -23"><span class='ocrx_word' id='word_1_181' title='bbox 145 3061 197 3125; x_wconf 81' lang='lat'><strong>22.</strong></span> <span class='ocrx_word' id='word_1_182' title='bbox 236 3063 391 3127; x_wconf 89' lang='lat' dir='ltr'><strong>Exstincto</strong></span> <span class='ocrx_word' id='word_1_183' title='bbox 407 3067 506 3147; x_wconf 90' lang='lat' dir='ltr'><strong>itaque</strong></span> <span class='ocrx_word' id='word_1_184' title='bbox 523 3067 661 3146; x_wconf 89' lang='lat' dir='ltr'><strong>Maximo,</strong></span> <span class='ocrx_word' id='word_1_185' title='bbox 677 3067 775 3148; x_wconf 93' lang='lat' dir='ltr'><strong>posito</strong></span> <span class='ocrx_word' id='word_1_186' title='bbox 788 3065 958 3129; x_wconf 83' lang='lat' dir='ltr'><strong>Theodosio</strong></span> <span class='ocrx_word' id='word_1_187' title='bbox 974 3066 1154 3147; x_wconf 90' lang='lat' dir='ltr'><strong>imperatore</strong></span> 
     </span>
     <span class='ocr_line' id='line_1_25' title="bbox 57 3174 1167 3260; baseline 0.003 -22"><span class='ocrx_word' id='word_1_188' title='bbox 57 3174 234 3255; x_wconf 91' lang='lat' dir='ltr'><strong>Mediolani,</strong></span> <span class='ocrx_word' id='word_1_189' title='bbox 263 3177 425 3240; x_wconf 78' lang='lat' dir='ltr'><strong>Ambrosio</strong></span> <span class='ocrx_word' id='word_1_190' title='bbox 454 3196 528 3241; x_wconf 91' lang='lat' dir='ltr'><strong>vero</strong></span> <span class='ocrx_word' id='word_1_191' title='bbox 556 3181 700 3260; x_wconf 89' lang='lat' dir='ltr'><strong>episcopo</strong></span> <span class='ocrx_word' id='word_1_192' title='bbox 733 3180 891 3242; x_wconf 92' lang='lat' dir='ltr'><strong>constituto</strong></span> <span class='ocrx_word' id='word_1_193' title='bbox 922 3179 1092 3260; x_wconf 87' lang='lat' dir='ltr'><strong>Aquileiae,</strong></span> <span class='ocrx_word' id='word_1_194' title='bbox 1123 3180 1167 3241; x_wconf 94' lang='lat' dir='ltr'><strong>in</strong></span> 
     </span>
     <span class='ocr_line' id='line_1_26' title="bbox 57 3289 1152 3376; baseline 0.005 -26"><span class='ocrx_word' id='word_1_195' title='bbox 57 3289 191 3371; x_wconf 90' lang='lat' dir='ltr'><strong>partibus</strong></span> <span class='ocrx_word' id='word_1_196' title='bbox 215 3291 346 3355; x_wconf 88' lang='lat' dir='ltr'><strong>Orientis</strong></span> <span class='ocrx_word' id='word_1_197' title='bbox 369 3293 398 3355; x_wconf 94' lang='lat' dir='ltr'><strong>in</strong></span> <span class='ocrx_word' id='word_1_198' title='bbox 422 3294 550 3376; x_wconf 88' lang='lat' dir='ltr'><strong>quodam</strong></span> <span class='ocrx_word' id='word_1_199' title='bbox 577 3295 700 3358; x_wconf 90' lang='lat' dir='ltr'><strong>castello</strong></span> <span class='ocrx_word' id='word_1_200' title='bbox 726 3314 742 3357; x_wconf 96' lang='lat' dir='ltr'><strong>a</strong></span> <span class='ocrx_word' id='word_1_201' title='bbox 766 3295 937 3359; x_wconf 85' lang='lat' dir='ltr'><strong>Christianis</strong></span> <span class='ocrx_word' id='word_1_202' title='bbox 961 3296 1034 3357; x_wconf 92' lang='lat' dir='ltr'><strong>viris</strong></span> <span class='ocrx_word' id='word_1_203' title='bbox 1057 3312 1152 3376; x_wconf 86' lang='lat' dir='ltr'><strong>syna·</strong></span> 
     </span>
     <span class='ocr_line' id='line_1_27' title="bbox 57 3400 1153 3488; baseline 0.003 -20"><span class='ocrx_word' id='word_1_204' title='bbox 57 3423 139 3488; x_wconf 85' lang='lat' dir='ltr'><strong>goga</strong></span> <span class='ocrx_word' id='word_1_205' title='bbox 158 3404 333 3468; x_wconf 90' lang='lat' dir='ltr'><strong>ludaeorum</strong></span> <span class='ocrx_word' id='word_1_206' title='bbox 357 3413 387 3469; x_wconf 93' lang='lat' dir='ltr'><strong>et</strong></span> <span class='ocrx_word' id='word_1_207' title='bbox 407 3408 493 3471; x_wconf 93' lang='lat' dir='ltr'><strong>lucus</strong></span> <span class='ocrx_word' id='word_1_208' title='bbox 510 3400 780 3474; x_wconf 89' lang='lat' dir='ltr'><strong>Valentinianorum</strong></span> <span class='ocrx_word' id='word_1_209' title='bbox 804 3409 942 3472; x_wconf 91' lang='lat' dir='ltr'><strong>incendio</strong></span> <span class='ocrx_word' id='word_1_210' title='bbox 967 3415 1153 3471; x_wconf 89' lang='lat' dir='ltr'><strong>concremata</strong></span> 
     </span>
     <span class='ocr_line' id='line_1_28' title="bbox 57 3522 1153 3601; baseline 0.002 -19"><span class='ocrx_word' id='word_1_211' title='bbox 57 3525 143 3598; x_wconf 91' lang='lat' dir='ltr'><strong>sunt,</strong></span> <span class='ocrx_word' id='word_1_212' title='bbox 173 3527 332 3601; x_wconf 91' lang='lat' dir='ltr'><strong>propterea</strong></span> <span class='ocrx_word' id='word_1_213' title='bbox 361 3522 441 3601; x_wconf 90' lang='lat' dir='ltr'><strong>quod</strong></span> <span class='ocrx_word' id='word_1_214' title='bbox 470 3522 570 3585; x_wconf 90' lang='lat' dir='ltr'><strong>ludaei</strong></span> <span class='ocrx_word' id='word_1_215' title='bbox 598 3524 647 3584; x_wconf 89' lang='lat' dir='ltr'><strong>vel</strong></span> <span class='ocrx_word' id='word_1_216' title='bbox 669 3523 864 3585; x_wconf 90' lang='lat' dir='ltr'><strong>Valentiniani</strong></span> <span class='ocrx_word' id='word_1_217' title='bbox 888 3524 1062 3585; x_wconf 90' lang='lat' dir='ltr'><strong>insultarent</strong></span> <span class='ocrx_word' id='word_1_218' title='bbox 1085 3541 1153 3584; x_wconf 93' lang='lat' dir='ltr'><strong>mo-</strong></span> 
     </span>
     <span class='ocr_line' id='line_1_29' title="bbox 57 3631 1153 3719; baseline 0.006 -27"><span class='ocrx_word' id='word_1_219' title='bbox 57 3631 160 3696; x_wconf 89' lang='lat' dir='ltr'><strong>nacbis</strong></span> <span class='ocrx_word' id='word_1_220' title='bbox 177 3631 367 3709; x_wconf 82' lang='lat' dir='ltr'><strong>Christianis3</strong></span> <span class='ocrx_word' id='word_1_221' title='bbox 391 3634 664 3698; x_wconf 88' lang='lat' dir='ltr'><strong>Valentinianorum</strong></span> <span class='ocrx_word' id='word_1_222' title='bbox 688 3637 766 3697; x_wconf 92' lang='lat' dir='ltr'><strong>enim</strong></span> <span class='ocrx_word' id='word_1_223' title='bbox 789 3637 923 3698; x_wconf 92' lang='lat' dir='ltr'><strong>haeresis</strong></span> <span class='ocrx_word' id='word_1_224' title='bbox 943 3638 1062 3719; x_wconf 84' lang='lat' dir='ltr'><strong>triginta</strong></span> <span class='ocrx_word' id='word_1_225' title='bbox 1079 3637 1153 3699; x_wconf 91' lang='lat' dir='ltr'><strong>deos</strong></span> 
     </span>
     <span class='ocr_line' id='line_1_30' title="bbox 58 3744 1153 3831; baseline 0.005 -25"><span class='ocrx_word' id='word_1_226' title='bbox 58 3744 137 3806; x_wconf 92' lang='lat' dir='ltr'><strong>colit.</strong></span> <span class='ocrx_word' id='word_1_227' title='bbox 177 3744 237 3809; x_wconf 85' lang='lat' dir='ltr'><strong>Sed</strong></span> <span class='ocrx_word' id='word_1_228' title='bbox 261 3745 299 3806; x_wconf 87' lang='lat' dir='ltr'><strong>dc</strong></span> <span class='ocrx_word' id='word_1_229' title='bbox 322 3745 490 3809; x_wconf 91' lang='lat' dir='ltr'><strong>huiusmodi</strong></span> <span class='ocrx_word' id='word_1_230' title='bbox 514 3747 592 3810; x_wconf 88' lang='lat' dir='ltr'><strong>facto</strong></span> <span class='ocrx_word' id='word_1_231' title='bbox 616 3767 717 3811; x_wconf 90' lang='lat' dir='ltr'><strong>comes</strong></span> <span class='ocrx_word' id='word_1_232' title='bbox 734 3749 865 3812; x_wconf 88' lang='lat' dir='ltr'><strong>Orientis</strong></span> <span class='ocrx_word' id='word_1_233' title='bbox 889 3749 926 3811; x_wconf 91' lang='lat' dir='ltr'><strong>ad</strong></span> <span class='ocrx_word' id='word_1_234' title='bbox 945 3751 1153 3831; x_wconf 87' lang='lat' dir='ltr'><strong>imperatorem</strong></span> 
     </span>
     <span class='ocr_line' id='line_1_31' title="bbox 58 3859 1154 3947; baseline 0.004 -24"><span class='ocrx_word' id='word_1_235' title='bbox 58 3859 233 3923; x_wconf 90' lang='lat' dir='ltr'><strong>relationem</strong></span> <span class='ocrx_word' id='word_1_236' title='bbox 264 3859 379 3922; x_wconf 90' lang='lat' dir='ltr'><strong>direxit.</strong></span> <span class='ocrx_word' id='word_1_237' title='bbox 430 3863 494 3935; x_wconf 83' lang='grc'><strong>0111</strong></span> <span class='ocrx_word' id='word_1_238' title='bbox 530 3871 651 3944; x_wconf 91' lang='lat' dir='ltr'><strong>accepta</strong></span> <span class='ocrx_word' id='word_1_239' title='bbox 686 3866 846 3946; x_wconf 88' lang='lat' dir='ltr'><strong>imperator</strong></span> <span class='ocrx_word' id='word_1_240' title='bbox 875 3872 1088 3947; x_wconf 90' lang='lat' dir='ltr'><strong>praeceperat,</strong></span> <span class='ocrx_word' id='word_1_241' title='bbox 1122 3871 1154 3927; x_wconf 94' lang='lat' dir='ltr'><strong>ut</strong></span> 
     </span>
     <span class='ocr_line' id='line_1_32' title="bbox 58 3975 1172 4060; baseline 0.005 -24"><span class='ocrx_word' id='word_1_242' title='bbox 58 3991 218 4057; x_wconf 82' lang='lat' dir='ltr'><strong>synagoga</strong></span> <span class='ocrx_word' id='word_1_243' title='bbox 241 3975 277 4036; x_wconf 87' lang='lat' dir='ltr'><strong>ab</strong></span> <span class='ocrx_word' id='word_1_244' title='bbox 300 3977 443 4057; x_wconf 90' lang='lat' dir='ltr'><strong>episcopo</strong></span> <span class='ocrx_word' id='word_1_245' title='bbox 466 3978 526 4039; x_wconf 91' lang='lat' dir='ltr'><strong>loci</strong></span> <span class='ocrx_word' id='word_1_246' title='bbox 548 3978 807 4060; x_wconf 79' lang='lat' dir='ltr'><strong>reaedificaretur,</strong></span> <span class='ocrx_word' id='word_1_247' title='bbox 839 3983 869 4043; x_wconf 95' lang='lat' dir='ltr'><strong>in</strong></span> <span class='ocrx_word' id='word_1_248' title='bbox 893 3980 1055 4043; x_wconf 90' lang='lat' dir='ltr'><strong>monachos</strong></span> <span class='ocrx_word' id='word_1_249' title='bbox 1079 3997 1172 4042; x_wconf 89' lang='lat' dir='ltr'><strong>vero</strong></span> 
     </span>
     <span class='ocr_line' id='line_1_33' title="bbox 58 4085 1151 4175; baseline 0.006 -26"><span class='ocrx_word' id='word_1_250' title='bbox 58 4085 270 4149; x_wconf 89' lang='lat' dir='ltr'><strong>vindicaretur.</strong></span> <span class='ocrx_word' id='word_1_251' title='bbox 316 4087 374 4152; x_wconf 90' lang='lat' dir='ltr'><strong>Sed</strong></span> <span class='ocrx_word' id='word_1_252' title='bbox 398 4090 484 4153; x_wconf 90' lang='lat' dir='ltr'><strong>huius</strong></span> <span class='ocrx_word' id='word_1_253' title='bbox 507 4094 659 4174; x_wconf 90' lang='lat' dir='ltr'><strong>praecepti</strong></span> <span class='ocrx_word' id='word_1_254' title='bbox 683 4100 770 4156; x_wconf 90' lang='lat' dir='ltr'><strong>tenor</strong></span> <span class='ocrx_word' id='word_1_255' title='bbox 798 4112 864 4156; x_wconf 90' lang='lat' dir='ltr'><strong>cum</strong></span> <span class='ocrx_word' id='word_1_256' title='bbox 891 4093 928 4156; x_wconf 92' lang='lat' dir='ltr'><strong>ad</strong></span> <span class='ocrx_word' id='word_1_257' title='bbox 958 4112 1047 4156; x_wconf 91' lang='lat' dir='ltr'><strong>aures</strong></span> <span class='ocrx_word' id='word_1_258' title='bbox 1076 4112 1151 4175; x_wconf 90' lang='lat' dir='ltr'><strong>per·</strong></span> 
     </span>
     <span class='ocr_line' id='line_1_34' title="bbox 59 4201 1150 4292; baseline 0.006 -28"><span class='ocrx_word' id='word_1_259' title='bbox 59 4201 193 4265; x_wconf 89' lang='lat' dir='ltr'><strong>venisset</strong></span> <span class='ocrx_word' id='word_1_260' title='bbox 216 4201 397 4267; x_wconf 86' lang='lat' dir='ltr'><strong>venerabilis</strong></span> <span class='ocrx_word' id='word_1_261' title='bbox 421 4204 477 4267; x_wconf 92' lang='lat' dir='ltr'><strong>viri</strong></span> <span class='ocrx_word' id='word_1_262' title='bbox 492 4202 641 4269; x_wconf 87' lang='lat' dir='ltr'><strong>Ambrosii</strong></span> <span class='ocrx_word' id='word_1_263' title='bbox 662 4207 803 4291; x_wconf 90' lang='lat' dir='ltr'><strong>episcopi,</strong></span> <span class='ocrx_word' id='word_1_264' title='bbox 827 4206 935 4269; x_wconf 90' lang='lat' dir='ltr'><strong>direxit</strong></span> <span class='ocrx_word' id='word_1_265' title='bbox 957 4207 993 4269; x_wconf 90' lang='lat' dir='ltr'><strong>ad</strong></span> <span class='ocrx_word' id='word_1_266' title='bbox 1016 4209 1150 4292; x_wconf 86' lang='lat' dir='ltr'><strong>impera-</strong></span> 
     </span>
    </p>
   </div>
   <div class='ocr_carea' id='block_1_3' title="bbox 0 0 1350 4666">
    <p class='ocr_par' dir='ltr' id='par_1_5' title="bbox 0 0 1350 4666">
     <span class='ocr_line' id='line_1_35' title="bbox 0 0 1350 4666; baseline 0 0"><span class='ocrx_word' id='word_1_267' title='bbox 0 0 1350 4666; x_wconf 95' lang='lat' dir='ltr'><strong> </strong></span> 
     </span>
    </p>
   </div>
  </div>
 </body>
</html>
