2692 4666
124 309 188 375 aaa
565 298 765 355 sumansu

123 472 181 528 tam
211 465 349 529 acerbam
378 465 409 526 in
440 462 547 526 iratres
575 462 713 526 tulissent
740 461 933 539 sententiam,
962 461 1002 523 ita
1030 459 1222 523 severitatem

124 577 188 638 eius
211 579 469 658 temperaverunt,
500 580 532 636 ut
562 573 680 635 orbatas
711 573 884 655 parentibus
915 572 1050 655 virgines
1080 573 1111 635 in
1144 589 1237 645 conr

122 690 235 771 iugium
258 689 314 752 sibi
337 687 558 766 adsciscerent,
591 705 717 768 quorum
740 693 839 769 patres
862 704 917 768 pro
942 687 1050 749 delicto
1074 685 1223 768 perempti

123 802 232 880 forent,
254 801 304 864 vel
326 807 411 881 rapto
434 800 570 881 copulam
593 801 753 879 sociarent,
777 801 846 880 quia
868 817 923 880 pro
947 804 1005 860 tam
1025 800 1120 881 turpis
1137 817 1223 862 oom-

122 915 205 977 missi
228 913 378 992 facinore,
402 913 452 992 qui
476 913 564 975 alieni
589 913 764 975 matrimonii
787 913 833 973 ius
856 912 1057 990 violaverant,
1081 911 1223 994 indignos

122 1046 157 1090 se
189 1027 365 1108 inpetrando
401 1026 565 1088 exhibuere
599 1027 793 1090 matrimonio.
849 1025 909 1089 Sed
944 1044 983 1087 ne
1016 1026 1131 1107 periret
1165 1042 1224 1088 una

122 1141 234 1222 populo
258 1141 362 1218 tribus,
386 1139 499 1203 fraudis
521 1139 634 1202 indulta
657 1146 703 1202 est
725 1140 903 1203 coniventia.

212 1249 283 1313 117.
321 1251 437 1325 Quanta
459 1251 550 1333 igitur
571 1251 737 1314 honestatis
760 1269 830 1314 cura
853 1249 1012 1312 maioribus
1033 1250 1131 1329 suerit,
1155 1250 1224 1314 hinc

122 1365 277 1447 proditur,
313 1371 345 1426 ut
376 1363 572 1445 quadraginta
601 1364 681 1425 milia
710 1365 842 1427 virorum
877 1364 1061 1446 stringerent
1092 1364 1224 1447 gladium

123 1480 269 1542 adversus
293 1478 401 1539 fratres
425 1495 497 1540 suos
521 1476 558 1539 de
582 1478 659 1540 tribu
681 1477 851 1555 Beniamin,
886 1476 955 1539 dum
984 1476 1087 1539 ulcisci
1118 1475 1224 1540 volunt

122 1592 257 1654 iniuriam
272 1589 441 1672 pudicitiae,
460 1591 528 1672 quia
544 1596 740 1654 temeratores
757 1591 900 1653 castitatis
915 1608 977 1653 non
992 1588 1223 1654 sufferebantur.

122 1704 224 1784 ltaque
255 1704 285 1765 in
317 1723 354 1766 eo
384 1705 463 1766 bello
498 1722 587 1767 caesa
621 1713 690 1768 sunt
722 1708 869 1787 utrimque
902 1705 1057 1786 sexaginta
1092 1705 1225 1785 quinque

122 1817 199 1878 milia
234 1817 409 1879 bellatorum
445 1824 475 1880 et
505 1824 630 1879 exustae
662 1821 761 1881 urbes.
807 1819 843 1880 Et
875 1836 940 1880 cum
971 1815 1097 1880 interior
1127 1816 1224 1897 primo

87 1943 94 2015 ’ν
124 1926 230 1990 luisset
252 1929 380 2010 populus
402 1929 512 2007 lsrael,
543 1935 640 1991 tamen
662 1947 721 1992 nec
743 1929 861 1993 adversi
885 1937 964 1992 metu
992 1930 1062 1992 belli
1090 1930 1226 2011 percitus

125 2040 319 2104 vindicandae
343 2045 485 2107 castitatis
508 2047 707 2126 sequestravit
734 2045 877 2108 dolorem.
922 2045 1039 2108 Ruebat
1066 2046 1096 2107 in
1127 2063 1226 2126 proe-

123 2153 202 2235 lium,
226 2155 277 2217 vel
299 2158 445 2240 sanguine
468 2175 525 2221 suo
548 2177 656 2240 parans
681 2160 830 2221 commissi
853 2157 956 2241 flagitii
980 2158 1093 2221 diluere
1113 2164 1226 2222 notam.

422 2359 427 2367 ’
532 2354 703 2422 CAPUT
737 2356 815 2422 XX.

121 2493 183 2547 Post
206 2495 314 2549 solutam
340 2513 372 2549 ex
389 2497 502 2551 Helisaei
526 2501 649 2552 vaticinio
674 2499 752 2551 diram
771 2500 899 2554 Samariae
925 2501 1103 2569 obsidionem,
1132 2513 1227 2573 quanta

315 2585 392 2636 luerit
411 2596 529 2655 quattuor
547 2588 655 2656 leprosis
675 2588 776 2641 honesti
794 2605 868 2655 cura,
892 2599 1031 2642 enarratur.

213 2714 283 2780 118.
328 2716 365 2779 Et
387 2719 456 2799 quid
480 2721 594 2798 mirum,
618 2720 643 2782 si
667 2720 777 2802 populo
803 2719 850 2782 dei
874 2719 1015 2784 decorum
1038 2721 1109 2784 illud
1134 2728 1226 2804 atque

122 2828 281 2893 honestum
304 2850 394 2894 curae
426 2831 495 2911 luit,
530 2832 647 2915 quando
678 2834 766 2896 etiam
796 2834 942 2915 leprosis,
974 2838 1051 2898 sicut
1081 2836 1111 2897 in
1142 2836 1225 2899 libris

122 2958 285 3024 regnorum
303 2940 333 3028 ¹)
357 2945 492 3026 legimus,
517 2944 682 3007 honestatis
705 2965 765 3008 non
789 2946 881 3008 deluit
905 2947 1138 3013 consideratio?

213 3052 282 3118 119.
320 3057 425 3119 Fames
449 3065 514 3118 erat
537 3076 643 3139 magna
666 3059 696 3120 in
715 3057 854 3136 Samaria,
878 3062 947 3139 quia
972 3062 1134 3126 obsederat
1158 3083 1223 3127 cam

123 3169 266 3253 Syrorum
290 3172 449 3233 exercitus.
487 3170 553 3233 Rex
576 3172 716 3234 militares
741 3174 883 3235 excubias
905 3193 994 3255 supra
1017 3196 1133 3240 murum
1156 3180 1223 3243 sol-

121 3284 218 3346 licitus
250 3284 417 3359 revisebal3
451 3284 650 3365 interpellavit
682 3305 748 3348 eum
779 3289 885 3350 mulier
916 3289 1048 3351 dicenst·
1072 3291 1222 3355 Persuasit

121 3398 191 3458 mihi
215 3398 288 3460 haec
310 3398 426 3475 mulier,
449 3404 482 3460 ut
504 3398 653 3461 adferrem
676 3400 765 3462 filium
789 3421 895 3480 meum,
920 3409 951 3463 et
972 3404 1056 3466 attuli
1079 3411 1109 3466 et
1133 3407 1220 3469 coxi-

121 3529 186 3574 mus
210 3519 240 3573 et
259 3512 442 3574 comedimus
466 3531 541 3574 eum.
587 3512 623 3575 Et
646 3515 791 3594 promisit,
815 3521 845 3576 ut
869 3516 984 3597 etipsa
1006 3498 1219 3598 postea'suum

121 3624 209 3687 filium
226 3624 359 3689 adferret
375 3632 406 3687 et
421 3645 528 3690 carues
544 3629 622 3691 illius
639 3629 725 3692 simul
740 3629 986 3692 manducaremus
993 3652 1002 3706 ;
1025 3649 1104 3694 nunc
1123 3643 1219 3695 autem

121 3738 211 3801 lilium
242 3758 327 3802 suum
358 3740 513 3802 abscondit
543 3750 573 3803 et
599 3761 660 3806 non
684 3744 835 3806 vulteum
859 3743 986 3806 adferre.
1032 3745 1133 3808 Motus
1154 3764 1218 3823 rex,

122 3853 201 3931 quod
226 3871 287 3915 non
310 3853 407 3914 solum
429 3853 573 3935 humanis,
595 3857 650 3919 sed
674 3858 761 3920 etiam
784 3856 1008 3939 parricidalibus
1024 3857 1218 3923 cadaveribus

122 4004 328 4015 --——--—

191 4091 219 4158 1)
238 4093 263 4144 4.
278 4093 341 4165 fleg.
360 4095 385 4160 6,
405 4095 438 4147 25
457 4112 528 4167 seqq.
