2692 4666
324 320 369 374 DE
398 313 533 372 OFFlCllS
555 308 779 366 utntsnnonuu
800 305 895 360 LIBER
912 304 942 358 ll.
1117 306 1174 372 131

176 483 225 550 21.
269 483 342 546 Esto
367 487 466 542 tamen
488 478 581 543 fuisse
604 476 632 537 in
656 475 713 537 illis
736 470 843 553 aliquid
876 467 1060 547 acerbitatis,
1092 484 1181 547 quem

85 602 182 663 virtus
206 598 293 661 animi
314 613 376 658 non
400 593 555 659 abscondit
578 589 720 653 dolorem.
764 587 870 667 Neque
900 585 978 648 enim
1003 580 1180 665 profundum

86 733 168 778 mare
190 712 378 796 negaverim,
402 710 469 791 quia
493 705 604 770 vadosa
627 704 714 766 litora
737 710 806 765 sunt
814 721 823 778 3
847 719 945 781 neque
968 697 1082 761 caelum
1103 695 1181 758 luci-

90 828 178 908 dum,
210 829 277 908 quia
299 823 446 888 interdum
469 821 618 884 obtexitur
640 818 785 892 nubibus;
821 832 919 894 neque
942 820 1050 876 terram
1074 810 1183 875 fecun-

88 942 169 1022 dam,
193 942 262 1021 quia
284 939 430 1020 aliquibus
453 935 528 998 locis
551 933 650 995 ieiuna
673 931 775 1014 glarea
791 936 836 991 cst
842 948 851 1005 3
876 933 924 989 ant
938 928 1030 989 laetas
1053 930 1184 1009 segetes,

90 1057 158 1139 quia
192 1038 388 1118 intermixtam
422 1049 521 1113 solent
552 1047 662 1108 habere
698 1044 828 1107 sterilem
863 1060 995 1105 avenam.
1048 1038 1186 1106 Similiter

89 1177 160 1252 pnta
193 1168 298 1231 beatae
331 1180 461 1226 messem
497 1158 698 1222 conscientiae
731 1155 912 1237 interpellari
944 1156 1042 1235 aliquo
1076 1154 1186 1216 acerbo

90 1282 214 1346 doloris.
259 1281 367 1342 Nonne
397 1276 486 1339 totius
518 1272 672 1353 manipulis
703 1272 780 1333 vitae
809 1271 932 1348 heatae,
964 1267 1081 1350 siquid
1109 1266 1187 1330 forte

90 1394 201 1460 accidit
222 1392 341 1456 adversi
364 1398 453 1472 atque
476 1386 693 1464 amaritudinis,
715 1391 861 1465 tamqnam
884 1384 991 1447 sterilis
1014 1401 1108 1446 avena
1130 1382 1187 1444 ab·

91 1509 264 1588 scanditur,
287 1514 338 1569 aut
358 1511 506 1584 tamquam
529 1501 592 1563 lolii
615 1499 777 1562 amaritudo
801 1499 939 1562 frumenti
961 1497 1104 1561 suavitate
1128 1496 1187 1559 ab·

90 1621 235 1686 ducitur?
280 1618 340 1685 Sed
362 1621 418 1681 iam
442 1617 480 1678 ad
501 1616 655 1696 proposita
678 1630 849 1697 pergamus.

507 1868 686 1934 aaron
710 1853 777 1940 ‘vr

93 2041 135 2093 De
157 2043 213 2093 utili
229 2055 280 2093 nan
302 2045 455 2109 quaestuoso
474 2036 535 2100 illo,
561 2036 606 2086 sed
626 2039 692 2088 iusto
712 2047 738 2089 et
757 2039 878 2102 honesto,
905 2040 972 2105 quod
998 2041 1073 2093 etiam
1096 2037 1192 2091 damnis

246 2129 389 2198 quaeritur3
407 2142 437 2178 ac
456 2124 574 2176 dividitur
592 2127 616 2176 in
636 2126 698 2178 utile
717 2142 866 2194 corporeum
886 2134 912 2178 et
930 2127 1041 2194 pictatia.

186 2273 236 2338 22.
282 2270 444 2352 Superiora
478 2270 553 2332 libro
586 2272 624 2331 ita
656 2269 830 2332 divisionem
864 2271 1002 2351 lecimus,
1036 2278 1068 2334 ut
1097 2271 1192 2353 primo

97 2389 166 2451 loco
198 2390 279 2450 esset
309 2385 524 2447 honestumne
551 2384 710 2464 decorum,
743 2404 759 2446 a
790 2403 849 2465 quo
878 2384 975 2447 officia
1006 2384 1194 2464 ducerentur,

101 2499 237 2567 secundo
259 2500 327 2564 lano
352 2498 422 2580 quid
444 2499 523 2561 utile.
567 2498 603 2560 Et
626 2498 870 2579 quemadmodum
893 2500 923 2561 in
945 2498 1038 2578 primo
1067 2495 1194 2560 diximus

100 2615 170 2696 quia
192 2615 269 2676 inter
291 2611 449 2691 honestum
472 2619 502 2674 et
524 2611 667 2674 decorum
690 2620 737 2675 est
760 2611 903 2692 quaedam
928 2612 1093 2691 distinctio,
1117 2627 1194 2693 quae

93 2727 196 2811 ‘magis
219 2724 367 2808 intellegi,
401 2741 489 2805 qnam
517 2723 658 2805 explicari
691 2724 798 2806 possit:
829 2727 872 2787 sic
895 2732 925 2788 et
948 2743 1013 2788 cum
1036 2721 1107 2786 utile
1128 2726 1194 2784 tra-

101 2846 234 2916 ctamus,
257 2833 503 2900 considerandum
525 2833 642 2898 videtur
665 2837 734 2918 quid
756 2837 864 2900 utilius.

49 2973 68 2988 ··
189 2947 241 3015 23.
285 2950 442 3015 Utilitatem
471 2956 658 3012 autemnon
689 2952 852 3030 pecuniarii
884 2952 958 3014 lnari
989 2954 1196 3017 aestimatione

103 3065 312 3165 subducimus,
344 3063 398 3128 sed
431 3061 627 3144 adquisitione
657 3065 788 3146 pietatis,
821 3062 1195 3152 sicutapostalusait21)

100 3182 207 3245 Pictos
230 3188 331 3242 autem
356 3178 399 3240 od
413 3179 517 3240 amolo
538 3178 627 3240 utilis
642 3186 698 3256 cst,
718 3180 959 3258 praemissionem
980 3182 1097 3245 debeas
1112 3181 1196 3242 citae

99 3292 280 3375 praescotia
302 3298 334 3352 ct
352 3288 488 3368 futurae.
526 3289 628 3370 ltaque
650 3292 680 3353 in
702 3292 854 3373 scripturis
878 3293 983 3356 divinis
999 3296 1025 3357 si
1040 3295 1197 3379 diligenter

104 3421 291 3490 quaeramus,
313 3423 404 3486 saepe
426 3404 591 3467 invenimus
614 3402 694 3485 quod
713 3404 870 3468 honestum
887 3414 934 3469 est
948 3409 1017 3470 utile
1032 3410 1150 3473 vocari:
1164 3406 1197 3493 ²)

105 3520 218 3586 Omnia
246 3520 321 3583 milti
349 3519 460 3595 liccat,
494 3519 550 3581 scd
577 3537 640 3581 non
665 3519 768 3580 omnia
797 3527 871 3582 sunt
898 3521 997 3584 atilio
1042 3521 1135 3604 Supra
1158 3521 1197 3585 de

104 3636 182 3700 vitiis
205 3634 388 3715 loquebatur.
433 3633 497 3697 lloo
520 3651 593 3716 ergo
624 3633 706 3694 dicit:
720 3628 752 3716 ³)
785 3633 868 3695 licet
892 3651 1037 3716 peccare,
1060 3634 1197 3698 sednon

105 3750 201 3814 decet.
238 3747 271 3825 ln
292 3752 439 3829 potestate
462 3752 531 3809 sunt
551 3754 683 3829 peccata,
711 3747 765 3810 sed
787 3765 847 3810 non
870 3754 940 3810 sunt
961 3749 1094 3812 honesta.
1132 3750 1197 3813 Lu-

104 3863 217 3928 xuriari
239 3867 421 3945 promptum,
442 3860 497 3924 sed
518 3877 580 3924 non
602 3861 718 3926 iustum.
763 3861 831 3925 Non
854 3863 932 3924 enim
954 3861 1011 3927 deo
1035 3880 1119 3945 esca,
1142 3863 1198 3930 sed

103 3977 204 4043 ventri
228 3975 385 4060 colligitur.
441 4011 444 4017 ·

177 4147 206 4216 1)
225 4149 248 4203 1.
269 4148 329 4203 nrm.
348 4150 374 4214 r,
393 4148 417 4200 a.
487 4148 517 4213 a)
538 4148 559 4202 r.
574 4149 636 4211 cor.
657 4148 683 4215 a,
704 4149 743 4201 12.
815 4150 845 4218 a)
862 4148 952 4203 nsum.
971 4149 1014 4215 aa,
1035 4151 1074 4204 ro.

894 4256 898 4263 .
934 4244 989 4313 9,
