2692 4666
357 311 402 362 DE
422 309 560 366 OFFlCllS
579 310 803 365 bllNlS'lROllUlll
821 312 917 367 LIBER
935 315 977 370 ΠΙ.
1167 320 1228 384 193

131 472 277 537 arriserat
298 473 367 535 anni
391 469 567 551 fecunditas,
590 472 747 537 inventicia
763 475 835 538 urbs
851 475 915 540 sola
931 477 1040 560 egebat
1061 474 1227 554 imment03

127 590 275 670 potuisset
298 588 409 666 iuvari,
433 587 460 649 si
482 592 635 668 peteretur
654 587 690 649 ab
708 587 788 650 Italis
810 587 1006 670 frumentum,
1030 609 1155 672 quorum
1177 592 1229 654 filii

128 702 363 783 expellebantur.
408 698 487 760 Nihil
509 698 568 762 hoc
589 700 721 780 turpius,
754 700 917 764 excludere
941 703 1026 782 quasi
1047 703 1175 767 alienum
1197 713 1229 768 et

128 818 256 898 exigere
279 815 363 896 quasi
386 831 482 876 suum.
526 812 603 886 Quid
625 812 707 874 illum
737 813 827 893 eicis,
859 815 910 894 qui
933 812 971 876 de
994 833 1050 879 suo
1072 819 1227 898 pascitur?

127 931 205 1004 Quid
228 929 307 992 illum
331 928 422 1007 eicis,
446 928 496 1007 qui
519 932 549 989 te
571 927 695 1007 pascit?
740 927 867 992 Servum
888 929 1022 1009 retines,
1053 931 1146 994 trudis
1169 949 1228 1014 pa-

127 1041 261 1105 rentemi
305 1042 494 1104 Frumentum
517 1040 660 1120 suscipis,
688 1058 745 1102 nee
766 1040 902 1103 allectum
925 1041 1067 1125 inpertisl
1111 1045 1227 1109 Victum

127 1161 307 1235 extorques,
330 1174 387 1217 nec
409 1154 550 1236 rependis
573 1152 713 1234 gratiaml
900 1141 905 1157 '

214 1267 265 1331 50.
310 1269 403 1342 Quam
426 1267 562 1331 deforme
585 1268 660 1348 hoe,
692 1286 779 1348 quam
801 1267 920 1331 inutilel
966 1268 1123 1344 Quomodo
1148 1272 1226 1335 enim

126 1387 227 1463 potest
258 1381 329 1444 utile
364 1399 433 1444 esse
467 1379 548 1462 quod
581 1399 643 1443 non
677 1379 789 1443 decet?
840 1380 963 1455 Quantis
1001 1391 1225 1465 corporatorum

126 1495 268 1559 subsidiis
284 1494 393 1557 dudum
408 1495 502 1557 Roma
525 1493 659 1557 lraudata
683 1493 744 1556 est!
781 1494 877 1559 Potuit
900 1501 930 1558 et
951 1497 1018 1560 illos
1041 1516 1102 1560 non
1125 1497 1225 1591 dumd-

125 1616 192 1672 tere
214 1614 244 1671 et
271 1607 400 1671 evadere
421 1608 527 1670 famem
550 1608 729 1690 exspectatis
751 1616 908 1672 ventorum
931 1613 1086 1693 oportunis
1108 1612 1225 1677 fletibus

125 1729 157 1784 et
180 1729 366 1804 speratarum
388 1730 553 1786 commeatu
575 1724 702 1786 navium.
767 1802 769 1807 Α

215 1833 266 1899 51.
312 1837 406 1910 Quam
429 1855 504 1900 vero
531 1835 602 1899 illud
632 1837 770 1918 superius
800 1837 976 1919 honestum,
1008 1846 1097 1919 atque
1128 1840 1223 1903 utile?

125 1947 203 2023 Quid
234 1949 311 2011 enim
342 1955 400 2012 tam
431 1949 574 2012 decorum
604 1956 693 2031 atque
723 1950 897 2031 honestum,
932 1970 1020 2032 quam
1055 1955 1223 2018 conlatione

124 2063 306 2144 locupletum
329 2064 422 2126 iuvari
444 2070 580 2145 egentes,
603 2063 762 2126 ministrari
784 2067 894 2128 victum
918 2066 1128 2145 esurientibus,
1151 2067 1224 2130 nulli

124 2176 222 2239 cibum
245 2174 378 2239 delore?
420 2176 497 2251 Quid
512 2184 571 2239 tarn
585 2177 675 2258 utile,
699 2196 786 2258 quam
808 2179 938 2243 cultores
962 2198 1036 2264 agro
1060 2183 1224 2262 reservari,

125 2308 188 2353 non
210 2291 331 2353 interire
352 2292 468 2373 plebem
491 2292 735 2355 rusticanorum?

214 2401 266 2468 52.
312 2403 398 2478 Quod
420 2404 576 2467 honestum
600 2405 699 2488 igitur,
722 2405 792 2468 utile
815 2412 877 2483 est;
904 2412 934 2468 et
956 2406 1036 2487 quod
1058 2408 1138 2486 utile,
1163 2407 1224 2471 ho-

127 2523 254 2580 nestum.
298 2517 336 2580 Et
358 2523 461 2580 contra
484 2516 564 2599 quod
588 2519 707 2598 inutile,
730 2518 904 2582 indecorum
911 2540 921 2596 ;
952 2519 1031 2600 quod
1054 2526 1151 2582 autem
1172 2521 1223 2581 in·

124 2629 287 2710 decorum,
309 2630 339 2693 id
363 2633 450 2694 etiam
473 2633 585 2695 inutile.

524 2828 694 2897 CAPUT
729 2830 822 2899 VIII.

125 2965 194 3033 Eos,
221 2970 264 3038 qui
289 2968 422 3022 honestum
445 2969 501 3021 utili
526 2978 696 3038 anteponant,
723 2988 737 3023 a
762 2972 811 3023 deo
835 2971 939 3039 probari
966 2970 1056 3035 losue,
1085 2968 1163 3023 caleb
1195 2977 1220 3020 et

390 3057 494 3108 oliorum
513 3056 699 3124 exploratorum
717 3067 806 3127 patere
825 3059 954 3128 exemplis.

214 3171 265 3236 53.
310 3173 435 3248 Quando
451 3176 580 3238 maiores
603 3177 699 3239 nostri
723 3180 844 3241 servitio
865 3179 951 3241 exire
967 3179 1142 3258 potuissent,
1163 3175 1220 3238 nisi

125 3284 155 3349 id
178 3305 239 3350 non
258 3288 354 3351 solum
378 3295 482 3372 turpe,
512 3290 566 3352 sed
592 3291 679 3352 etiam
709 3290 810 3353 inutile
842 3290 1039 3354 credidissent
1060 3290 1127 3372 regi
1149 3307 1231 3351 ser-v

122 3401 189 3464 vire
211 3401 452 3485 Aegyptiorum?
472 3401 501 3486 ¹)

211 3512 263 3579 54.
307 3515 390 3580 lesus
406 3535 527 3598 quoque
545 3525 576 3580 et
588 3514 719 3600 calcet)
734 3517 816 3578 missi
832 3514 869 3578 ad
884 3513 1094 3598 explorandam
1109 3521 1218 3577 terram

122 3630 247 3692 uberem
270 3629 387 3709 quidem
409 3637 536 3710 terram,
568 3632 622 3694 sed
645 3651 662 3695 a
685 3627 877 3694 ferocissimis
899 3631 1054 3693 inhabitari
1077 3632 1217 3713 gentibus

120 3743 341 3806 nuntiaverunt.
378 3744 511 3808 Terrore
534 3745 603 3808 belli
626 3745 752 3828 populus
775 3744 917 3807 intractus
940 3744 1097 3806 recusabat
1118 3750 1217 3806 terrae

120 3857 189 3920 eius
201 3858 435 3937 possessionem.
459 3857 629 3924 suadebant
641 3859 723 3923 missi
734 3858 940 3942 exploratores
950 3857 1032 3920 lesus
1045 3864 1074 3921 et
1085 3858 1174 3921 Caleb
1183 3854 1216 3940 3)

124 4007 334 4018 0——

192 4097 221 4168 1)
239 4097 319 4151 Exod.
334 4099 375 4165 12,
388 4098 422 4152 at
435 4115 506 4170 seqq.
561 4101 589 4165 2)
608 4100 680 4152 llum.
696 4101 739 4166 13,
752 4100 784 4151 28
797 4116 868 4169 seqq.
922 4098 950 4164 3)
972 4099 1045 4153 Νιιιη.
1061 4099 1102 4174 ld,
1115 4100 1131 4150 6
1143 4112 1215 4168 seqq,

173 4225 332 4274 Auaaosrue.
968 4223 1006 4288 13
