2692 4666
365 357 410 410 DE
431 356 571 412 oratoris
590 356 813 410 ministrorum
831 355 927 410 trusa
944 354 985 410 m.
1160 358 1223 423 197

127 521 215 602 queri
240 518 389 602 flagitium.
434 519 501 582 Non
524 519 626 599 utique
650 517 688 580 de
710 518 818 581 vitibus
842 517 929 593 ‹licit3
960 516 1161 600 nequeenim
1184 517 1223 583 de

127 631 239 693 vitibus
271 647 344 692 eura
366 633 412 692 est
434 628 508 707 deo,
538 647 638 708 neque
662 627 699 690 de
722 634 843 690 terreno
873 628 985 710 spatio,
1018 629 1074 693 sed
1097 630 1135 693 de
1157 630 1223 695 iure

126 744 260 824 loquitur
291 749 416 825 patrum.
469 742 566 805 Potuit
600 742 702 823 utique
733 748 764 804 et
794 741 879 805 aliam
909 742 1028 805 vineam
1059 740 1098 805 de
1126 743 1223 808 vineis

125 858 210 940 regis
232 856 369 937 accipere
392 859 422 917 et
443 855 553 917 amicus
577 871 664 933 esse,
699 854 729 919 in
752 872 813 935 quo
835 871 897 917 non
919 854 1079 919 mediocris
1109 859 1222 922 saeculi

125 970 214 1032 huius
243 969 352 1031 utilitas
381 969 528 1032 aestimari
556 970 650 1048 solet,
679 969 735 1033 sed
758 969 839 1050 quod
860 977 948 1051 turpe
970 976 1050 1050 eret,
1083 972 1224 1037 indicavit

125 1102 187 1147 non
219 1083 314 1145 videri
344 1082 416 1145 utile
445 1081 605 1164 maluitque
636 1080 800 1164 perieulum
832 1101 899 1146 cum
920 1082 1078 1148 honestate
1110 1086 1222 1168 subire,

125 1217 212 1278 quam
241 1197 394 1260 utilitatem
423 1215 489 1258 cum
521 1196 700 1278 opprobrio,
733 1196 889 1279 vulgarem
920 1172 1074 1269 utilitatem
1101 1199 1221 1281 loquor,

125 1328 186 1372 non
210 1309 306 1389 illam,
328 1311 359 1371 in
382 1328 440 1389 qua
463 1309 551 1372 etiam
574 1309 739 1372 honestatis
762 1310 856 1392 gratia
880 1316 934 1372 est.

213 1419 264 1486 64.
308 1419 445 1502 Denique
461 1428 490 1486 et
505 1423 570 1504 ipse
589 1442 646 1486 rex
668 1424 762 1505 potuit
785 1429 977 1505 extorquere,
1000 1424 1054 1489 sed
1075 1424 1221 1508 inpudens

125 1536 341 1615 arbitrabatur,
372 1536 428 1599 sed
459 1537 590 1599 oocisunr
622 1537 723 1600 doluit.
768 1537 912 1602 Dominus
942 1555 1062 1620 quoque
1091 1540 1221 1603 mulieris

123 1650 339 1729 inmanitatem,
373 1668 451 1729 quae
473 1649 638 1713 honestatis
669 1651 815 1714 inmemor
835 1658 922 1735 turpe
944 1653 1078 1716 antetulit
1097 1653 1221 1735 lucrum,

123 1782 262 1846 congruo
285 1763 430 1844 supplicio
454 1762 640 1844 plectendam
666 1762 857 1826 adnuntiavit.

210 1873 262 1939 65.
307 1876 413 1957 l'urpis
444 1876 544 1954 itaque
574 1874 669 1937 omnis
699 1882 745 1937 est
773 1874 865 1939 lraus.
908 1875 1045 1958 Denique
1076 1879 1164 1942 etiam
1190 1881 1220 1942 in

122 1991 215 2054 rebus
246 1990 353 2052 vilibus
386 1988 580 2051 exsecrabilis
603 1993 659 2066 ,est
686 1994 817 2051 staterae
842 1987 956 2053 salacia
982 1997 1014 2053 et
1034 1989 1221 2056 fraudulenta

122 2120 273 2165 mensura.
319 2102 349 2167 Si
372 2103 402 2163 in
425 2100 492 2164 loro
515 2119 616 2163 rerum
645 2101 811 2181 venalium,
843 2101 873 2164 in
896 2120 953 2166 usu
975 2096 1220 2169 commerciorum

123 2215 205 2279 lraus
235 2216 384 2297 plectitur,
417 2220 556 2295 potestne
587 2215 862 2295 inreprehensibilis
892 2216 987 2279 videri
1015 2217 1094 2281 inter
1122 2217 1221 2282 allicio

122 2329 287 2392 virtutum?
332 2329 443 2392 Clamat
469 2330 628 2395 Salomon:
646 2325 676 2414 ¹)
710 2329 835 2392 Pandae
857 2350 1001 2411 maenam
1023 2339 1053 2395 et
1073 2332 1220 2414 ecipuam

122 2453 153 2507 et
174 2463 338 2505 mesurae
360 2444 500 2525 duplices
529 2445 695 2506 inmundae
721 2452 795 2507 sant
816 2463 921 2509 coram
943 2445 1078 2509 damino.
1123 2446 1219 2528 Supra

122 2575 243 2640 quoque
272 2558 327 2620 ait:
351 2554 384 2640 ²)
422 2557 550 2619 Statana
588 2557 734 2619 adultera
771 2556 963 2620 abominatio
997 2566 1046 2620 est
1078 2559 1216 2638 domino,

120 2672 248 2750 pondos
271 2679 373 2732 autem
394 2690 523 2751 aequum
546 2670 734 2749 acceptabile
757 2669 882 2733 estitit.

547 2896 718 2963 CAPUT
750 2898 795 2964 X.

121 3042 161 3096 Da
178 3043 267 3096 fraude
284 3044 310 3094 ia
328 3044 396 3094 omni
418 3051 546 3096 contractu
570 3044 691 3113 fugienda
709 3060 760 3096 aon
779 3043 861 3097 solum
879 3045 904 3095 in
920 3043 1025 3112 politico
1043 3044 1099 3095 iure
1117 3051 1217 3096 cautum

121 3146 194 3196 csse,
220 3146 309 3183 veram
337 3133 412 3183 etiam
438 3131 464 3181 in
489 3132 567 3182 sacris
595 3130 699 3196 litteris,
728 3138 756 3182 ut
778 3129 853 3184 Iosue
876 3147 907 3182 ac
924 3129 1121 3183 Gabaonitarum
1146 3137 1218 3198 patet

607 3217 732 3285 exemplo.

208 3349 259 3416 66.
303 3352 334 3414 ln
359 3355 497 3416 omnibus
529 3354 621 3436 igilur
648 3353 760 3417 decora
788 3359 834 3415 est
858 3351 953 3433 fides,
983 3352 1092 3415 iustitia
1120 3357 1215 3434 grata,

119 3485 259 3529 mensura
282 3469 439 3548 aequitatis
461 3466 596 3531 iucunda.
636 3467 712 3542 Quid
728 3473 826 3529 autem
839 3467 947 3548 loquar
962 3465 1000 3529 de
1016 3465 1214 3528 contractibus

118 3580 229 3643 ceteris
251 3599 289 3644 ac
310 3583 436 3644 maxime
459 3581 496 3645 de
519 3583 707 3664 coemptione
736 3581 925 3664 praediorum
955 3580 1005 3643 vel
1033 3579 1214 3643 transactio·

119 3696 206 3758 nibus
240 3701 328 3776 atque
360 3696 480 3777 pactis?
533 3697 642 3760 Nonne
676 3696 822 3759 formulae
856 3702 941 3774 sunt,
976 3694 1077 3758 dolum
1106 3692 1214 3756 malum

119 3808 227 3870 abesse
251 3828 388 3890 eumque,
412 3812 495 3873 cuius
512 3811 598 3875 dolus
618 3811 708 3876 fuerit
730 3810 945 3892 deprehensus,
968 3808 1077 3891 duplici
1098 3824 1214 3891 poenae

120 3921 282 3984 obnoxium
306 3921 399 3985 lore?
443 3923 558 4004 Ubique
583 3924 672 4007 igitur
701 3923 864 3987 honestatis
895 3920 1113 4006 praeponderat
1136 3938 1215 3983 con-·
1300 3988 1303 3996 ¹

191 4173 218 4240 1)
237 4171 310 4226 Prcv.
331 4175 373 4238 20,
395 4173 434 4224 lo.
506 4176 533 4238 2)
553 4173 627 4228 Prov.
649 4174 689 4240 ll,
712 4176 733 4228 l.
