2692 4666
120 330 183 406 132
566 332 592 386 ι.
612 330 767 386 ananoan

121 505 151 561 ει
173 495 303 559 caritatis
327 493 470 577 adsurgit
512 492 645 555 christus
668 509 790 573 quoquc
813 491 967 570 domiuus,
998 493 1049 572 qui
1071 508 1129 572 pro
1151 492 1221 554 uni-

119 610 216 673 versis
240 615 374 670 mortuus
397 612 452 685 est,
476 605 647 670 mercedem
670 605 823 688 sanguinis
840 605 886 669 sni
904 609 1077 667 evacuatam
1100 603 1222 667 dolebit.

208 716 259 783 20.
305 715 384 793 Quid
407 715 487 797 quod
510 717 598 779 etiam
621 717 686 797 ipsa
707 716 760 778 lcx
782 715 893 779 domini
916 716 992 778 hanc
1022 714 1150 778 formam
1174 721 1224 775 ιε-

122 831 249 896 nendam
273 829 399 907 edocet,
422 835 454 891 ut
477 826 548 889 nihil
571 827 657 889 alteri
680 826 821 890 detrahas
842 828 885 888 tui
908 824 1057 890 commodi
1081 824 1226 888 servandi

121 943 226 1027 gratia,
249 958 316 1003 cum
331 939 417 1001 dicitz
438 934 466 1020 ¹)
488 937 560 1000 Non
575 935 752 1015 transferas
768 938 927 1015 terminos,
949 957 1027 1019 quoa
1045 945 1228 1002 statuerunt

75 1044 83 1058 '
117 1029 230 1135 'patres
250 1056 306 1132 tut,
331 1072 398 1116 cum
420 1053 544 1115 vitulum
567 1059 715 1114 errantem
739 1051 839 1115 fratris
855 1054 897 1115 tui
912 1051 1117 1116 reducendum
1133 1064 1227 1136 prae-

124 1170 212 1249 cipit,
228 1164 261 1251 ²)
293 1185 361 1229 cum
390 1167 484 1230 iurem
507 1167 583 1228 mori
605 1166 702 1244 iubet,
719 1162 752 1248 ³)
783 1184 849 1228 cum
879 1171 959 1229 vetat
988 1166 1228 1229 mercennarium

71 1301 72 1307 ¹
125 1280 222 1344 debita
252 1278 391 1341 mercede
421 1277 568 1355 fraudari,
585 1273 618 1358 ⁴)
648 1295 714 1339 cum
743 1277 899 1357 pecuniam
931 1279 997 1339 sine
1027 1276 1228 1340 usuris‘red-

126 1392 252 1457 dandam
284 1394 406 1455 censuit.
425 1389 457 1474 ⁵)
501 1389 668 1455 Subvenire
698 1390 775 1453 enim
799 1407 860 1453 non
890 1390 1009 1452 habenti
1038 1389 1228 1479 humanitatis

126 1514 190 1586 εει,
219 1505 344 1568 duritiae
374 1512 471 1567 autam
493 1505 559 1586 plus
583 1511 783 1584 extorquere,
816 1522 903 1585 quam
934 1502 1063 1567 dederis.
1109 1503 1227 1567 Etenim

126 1621 153 1683 si
175 1619 244 1682 idco
266 1619 379 1682 auxilio
401 1625 453 1681 tuo
476 1619 572 1702 eguit,
604 1618 672 1699 quia
694 1635 757 1682 non
778 1617 881 1680 habuit
909 1617 989 1681 unde
1012 1617 1051 1681 dc
1073 1635 1132 1682 suo
1154 1617 1228 1681 red-

129 1731 230 1808 deret;
253 1749 355 1794 nonne
377 1732 496 1813 impium
521 1738 586 1810 est,
609 1738 641 1793 ut
663 1731 718 1793 sub
741 1730 929 1794 humanitatis
952 1731 1141 1795 simulatione
1164 1750 1228 1794 am-

128 1846 206 1926 plius
230 1845 266 1907 ab
289 1862 327 1908 eo
351 1860 477 1926 poscas,
506 1844 557 1925 qui
586 1861 646 1906 non
677 1843 805 1905 habebat
835 1843 915 1905 unde
943 1844 1039 1907 minus
1070 1843 1228 1908 solveret?

130 1957 273 2022 Absolvis
301 1958 391 2040 igitur
412 1955 499 2018 alteri
521 1955 704 2035 debitorem,
735 1964 767 2018 ut
789 1954 970 2020 condemnes
992 1957 1063 2034 tibt,·
1095 1963 1126 2020 ει
1155 1956 1229 2020 hanc

130 2070 338 2134 humanitatem
360 2087 469 2148 vocas,
493 2070 542 2132 ubi
565 2076 611 2131 est
633 2070 793 2150 iniquitatis
817 2072 939 2134 auctio?
997 2153 1001 2157 y

235 2179 286 2246 21.
330 2182 395 2246 Hoc
417 2189 602 2265 praestamus
625 2166 735 2246 ceteris
758 2184 968 2263 animantibus,
992 2183 1072 2264 quod
1093 2183 1152 2246 alia
1169 2202 1230 2267 ge-

130 2311 204 2355 nera
235 2293 421 2355 animantium
452 2292 594 2356 conferre
617 2294 728 2374 aliquid
750 2297 905 2375 nesciunt,
939 2293 1023 2359 ferae
1045 2302 1146 2359 autem
1168 2297 1230 2359 eri·

127 2407 231 2487 piunt,
265 2405 401 2468 homines
437 2407 577 2469 tribuunt.
624 2406 708 2470 Unde
743 2414 774 2471 ει
806 2409 957 2490 psalmista
989 2412 1042 2472 ait:
1059 2405 1093 2494 ⁶)
1127 2409 1232 2472 lustau

131 2520 296 2583 miseretur
326 2528 356 2581 et
385 2518 502 2581 tribuit.
548 2518 623 2584 Sunt
645 2527 743 2585 tamen
769 2524 876 2603 quibus
900 2529 930 2585 ει
953 2523 1037 2586 ιειεε
1068 2522 1232 2593 conterant.

133 2630 285 2713 Siquidem
315 2632 485 2695 conlalione
512 2632 649 2696 sobolem
672 2652 756 2696 suam
786 2637 918 2698 nutriunt
940 2641 970 2698 ει
992 2653 1064 2699 aves
1087 2638 1156 2705 cibo
1179 2654 1233 2700 suo

133 2746 231 2827 pullos
254 2746 359 2808 satiant
382 2763 471 2822 su0s;
494 2745 605 2810 homini
629 2756 726 2811 autem
750 2749 807 2811 soli
829 2749 968 2812 tributum
992 2757 1055 2828 est,
1078 2756 1112 2812 ut
1131 2766 1234 2813 omncs

135 2863 282 2938 tamquam
305 2874 379 2920 suos
403 2865 513 2939 pascat.
559 2860 655 2921 Debet
683 2861 761 2922 istud
787 2863 854 2942 ipso
881 2868 1004 2924 naturae
1026 2862 1100 2924 iure.
1148 2861 1234 2936 Quod

136 2972 162 3033 si
184 2988 245 3033 non
267 2971 337 3034 licet
359 2989 421 3033 non
445 2972 533 3051 dara,
564 2972 715 3053 quomodo
745 2973 905 3037 detrahere
927 2976 1023 3037 licet?
1066 2974 1133 3036 Nec
1154 2976 1236 3056 ipsae

135 3083 222 3166 leges
247 3100 302 3146 nos
327 3083 460 3148 docent?
494 3105 573 3168 quae
596 3106 650 3167 ea,
683 3107 760 3169 quae
792 3089 922 3154 detracta
953 3098 1022 3153 sunt
1052 3091 1139 3154 alicui
1171 3108 1236 3154 cum

136 3198 242 3261 iniuria
271 3215 421 3279 personae
443 3206 494 3263 aut
515 3203 560 3263 rei
583 3203 694 3282 ipsius,
729 3205 847 3267 cumulo
877 3205 993 3271 restitut
1023 3205 1144 3285 iubent,
1181 3222 1236 3287 quo

138 3308 234 3374 iurem
250 3312 467 3376 adotrahendo
491 3319 540 3376 aut
562 3314 668 3395 poenis
692 3315 877 3394 deterreant,
900 3322 950 3380 aut
973 3317 1062 3380 multa
1084 3308 1236 3383 revocant

226 3426 277 3489 22
322 3427 402 3489 Pone
431 3434 530 3490 tamen
563 3428 644 3508 quod
673 3429 780 3510 aliquis
811 3431 908 3512 possit
938 3437 990 3493 aut
1019 3435 1150 3512 poenam
1179 3442 1238 3495 non

138 3539 257 3617 timere,
290 3546 340 3601 aut
368 3541 658 3617 multacinludere3
689 3543 831 3624 numquid
860 3543 982 3626 dignum
1014 3550 1069 3606 est·
1089 3551 1127 3607 ut
1149 3545 1239 3628 aliqui

141 3652 226 3715 alteri
246 3651 426 3716 detrahant?
472 3655 589 3720 Servile
611 3655 670 3719 hoc
689 3657 792 3720 vitium
807 3664 838 3720 ει
853 3657 998 3721 familiare
1018 3658 1140 3722 ultime
1163 3676 1239 3725 coae-

141 3763 251 3828 dicioni
258 3785 268 3842 3
292 3764 370 3830 adeo
392 3770 496 3829 contra
519 3774 668 3873 naturam„
684 3775 716 3831 ut
733 3770 833 3851 inopia
855 3771 952 3852 magis
975 3771 1034 3832 hoc
1056 3778 1240 3854 extorquere

144 3933 351 3962 βτ--υ-

215 4032 243 4098 1)
262 4030 336 4083 Ριοι.
356 4031 400 4096 22,
419 4032 461 4084 28.
521 4034 550 4101 2)
569 4033 649 4086 Exod.
669 4035 713 4100 23,
732 4035 756 4087 t.
815 4034 844 4101 3)
862 4035 945 4089 Exod.
964 4037 1008 4104 22,
1025 4036 1050 4093 2.
1111 4038 1142 4109 l)
1160 4037 1240 4092 horit

144 4113 186 4180 19,
207 4115 248 4168 13.
319 4117 347 4184 5)
367 4115 443 4171 Ιιειιι.
461 4117 506 4185 23,
527 4119 567 4173 19.
638 4121 668 4190 d)
685 4120 777 4177 Pcalm.
795 4120 839 4187 ³6,
858 4121 901 4175 21.
