2692 4666
132 303 175 370 ῃ
637 297 713 353 mre

133 461 249 544 ceperit
271 459 359 523 etiam
389 459 523 522 coelibes
554 459 729 525 sacerdotes
758 461 808 524 vel
836 462 957 542 levitas,
992 463 1097 545 quibus
1130 465 1229 546 portio

134 575 207 665 dqus
232 579 293 652 est,
308 569 339 658 ι)
362 579 393 636 ut
414 572 492 634 illam
516 574 603 635 etiam
620 573 676 654 ipsi
695 572 842 654 adpetant.
881 573 917 637 Et
937 593 994 636 vae
1016 572 1086 636 mihi
1108 577 1230 655 misero,

134 687 202 768 quia
225 704 281 748 nec
303 684 363 746 fine
386 683 486 746 mundi
508 702 725 766 provocamur,
749 690 780 746 ut
795 691 852 746 tam
875 686 961 767 gravi
986 690 1056 771 iugo
1080 690 1230 751 servitutis

133 799 253 864 liberari
278 798 418 877 velimus,
450 797 529 880 quod
561 798 708 881 demergit
729 816 826 879 usque
850 798 887 862 od
909 800 1088 881 profundum
1112 801 1231 881 inferni,

134 921 167 977 ut
191 913 332 977 iaciamus
355 914 442 977 nobis
464 915 582 976 amicos
605 915 643 976 dc
666 933 839 977 mammona
867 915 1063 996 iniquitatis,
1100 917 1153 997 qui
1173 935 1231 979 cos

136 1030 292 1109 recipiant
320 1029 353 1089 io
387 1034 517 1091 aeterno
550 1028 762 1091 tabernaculo.
779 1025 811 1113 1ἱ)
865 1028 1000 1092 Attamen
1033 1031 1138 1092 beatus
1172 1031 1232 1110 ille,

137 1138 189 1226 qui
212 1142 393 1225 quandoque
414 1161 579 1206 conversus
604 1142 742 1225 disruptis
765 1143 889 1206 vinculis
905 1150 992 1226 atque
1010 1145 1144 1226 proiecto
1160 1145 1232 1228 iugo

137 1254 305 1320 huiusmodi
335 1255 561 1335 dominationis,
595 1254 709 1317 tenebit
730 1265 761 1318 et
782 1255 890 1318 allidet
907 1256 1062 1334 paruulos
1092 1257 1159 1318 eios
1193 1256 1235 1318 od

135 1378 273 1452 petram,
291 1366 323 1452 ³)
353 1369 412 1432 hoc
435 1375 499 1448 est,
530 1387 634 1432 omnes
663 1369 843 1433 intentiones
873 1370 938 1431 eius
961 1368 1061 1431 allidet
1085 1369 1121 1432 ad
1145 1367 1234 1431 Chri-

139 1491 233 1565 stum,
262 1484 312 1566 qui
335 1484 497 1547 secundum
520 1484 688 1566 apostolum
711 1491 796 1566 petra
820 1490 883 1564 est,
914 1504 990 1566 quae
1014 1502 1117 1548 omnes
1141 1484 1177 1547 ad
1200 1504 1234 1548 se

139 1598 239 1661 allisos
270 1599 426 1678 interimit,
457 1599 521 1680 ipsa
551 1598 729 1662 inviolabilis
753 1616 892 1679 manens,
927 1618 985 1662 nec
1007 1617 1091 1662 reum
1121 1598 1234 1662 iaciens

141 1731 223 1792 eum,
257 1714 307 1793 qui
330 1711 368 1775 ad
396 1732 430 1777 se
460 1713 583 1777 alliserit
613 1715 787 1796 nequissimi
817 1716 894 1778 uteri
926 1714 1092 1778 deteriores
1123 1722 1234 1798 partus,

141 1826 195 1892 sed
222 1827 429 1908 innocentem,
461 1829 499 1891 ita
528 1834 561 1892 ut
592 1847 717 1892 securus
748 1830 842 1913 possit
877 1829 994 1892 dicere:
1030 1829 1138 1892 Pontio
1167 1849 1236 1892 meu

141 1942 299 2019 maninus,
316 1937 349 2024 ⁴)
381 1943 449 2022 quia
479 1943 526 2004 cui
556 1924 628 2005 nibil
655 1944 686 2005 in
716 1945 837 2008 soeculo
868 1952 930 2023 est,
963 1944 1005 2007 illi
1035 1963 1109 2006 vere
1133 1945 1235 2026 ,portio

142 2056 277 2120 Cbristus
300 2064 363 2136 est,
393 2059 495 2138 etqui
519 2060 731 2140 contempserit
758 2078 850 2141 parva
878 2059 966 2121 multa
995 2059 1156 2140 percipiet,
1186 2063 1236 2123 in-

141 2190 233 2254 super
255 2177 285 2233 et
307 2172 397 2233 vitam
419 2179 571 2235 aeternam
595 2173 767 2254 possidebit.
786 2171 818 2258 ⁵)

232 2282 281 2348 tt.
328 2284 406 2347 Ante
437 2304 551 2366 paucos
582 2305 656 2350 vero
690 2286 754 2349 dies
786 2307 872 2369 quam
902 2286 1013 2350 lectulo
1044 2285 1238 2366 detineretur,

143 2418 209 2462 cum
240 2398 498 2482 quadragesimum
528 2399 647 2461 tertium
678 2400 821 2481 psalmum
854 2399 994 2478 dictaret,
1036 2418 1083 2461 me
1115 2406 1145 2461 et
1179 2418 1239 2462 ex-

145 2513 273 2595 cipiente
297 2519 326 2576 et
349 2514 469 2576 vidente
493 2513 590 2577 subito
613 2514 643 2576 in
671 2514 788 2577 modum
812 2515 887 2576 scuti
917 2492 1019 2577 brevis
1050 2514 1127 2595 ignis
1151 2521 1239 2595 caput

145 2629 209 2691 eius
233 2628 389 2709 cooperuit
412 2635 500 2709 atque
523 2629 661 2711 paulatim
676 2647 731 2710 per
747 2647 781 2692 os
797 2629 889 2710 ipsius
914 2635 1061 2707 tamquam
1076 2627 1106 2688 in
1122 2626 1240 2689 domum

144 2743 290 2806 habitator
312 2744 467 2826 ingressus
491 2751 555 2822 est,
588 2750 657 2825 post
681 2743 761 2825 quod
784 2743 861 2807 facta
885 2749 932 2805 est
955 2743 1048 2804 facies
1072 2742 1136 2804 eius
1160 2748 1238 2803 tam-

146 2875 233 2938 quam
256 2857 325 2934 nix3
357 2864 462 2939 postea
492 2875 566 2920 vero
597 2874 740 2920 reversus
764 2864 810 2919 est
831 2856 930 2918 vultus
962 2852 1086 2917 eiusad
1110 2855 1240 2935 speciem

147 2989 240 3034 suam.
278 2970 365 3046 Quod
381 2991 446 3035 oum
463 2973 565 3051 fieret,
589 2978 713 3053 stupore
736 2988 898 3054 percussus
922 2970 1057 3052 obrigui,
1080 2986 1136 3029 neo
1158 2968 1241 3050 potui

147 3087 281 3149 scribere
304 3104 381 3170 quae
404 3086 439 3148 ob
463 3086 513 3150 illo
537 3087 727 3166 dicebantur,
758 3087 815 3149 nisi
837 3093 942 3167 postea
966 3102 1053 3165 quam
1077 3082 1152 3144 visio
1178 3083 1242 3163 ipsa

147 3200 299 3278 transivit3
335 3199 450 3262 dicebat
473 3200 550 3263 enim
572 3201 603 3262 in
625 3206 760 3282 tempore
783 3198 983 3262 testimonium
1005 3198 1170 3278 scripturae
1194 3195 1242 3256 di-

150 3314 253 3394 vinae,
277 3314 358 3396 quod
375 3333 434 3398 ego
451 3317 560 3397 optime
583 3316 756 3380 retinebam.
794 3314 867 3377 Nam
883 3312 1034 3377 scribendi
1050 3313 1099 3374 vel
1117 3309 1245 3373 dictandi

148 3428 214 3511 ipso
238 3429 286 3490 die
309 3429 395 3491 linem
427 3428 512 3507 fecit,
547 3429 695 3513 siquidem
725 3431 819 3512 ipsum
850 3429 995 3510 psalmum
1028 3426 1152 3508 explere
1183 3443 1245 3487 non

149 3542 252 3624 potuit.
298 3541 364 3626 Ego
393 3541 537 3622 veroid,
569 3542 650 3624 quod
680 3562 696 3605 a
727 3561 774 3605 me
804 3543 899 3605 visum
930 3540 1043 3618 fuerat,
1077 3536 1246 3601 honorabili

151 3659 217 3722 viro
241 3657 329 3721 Casto
363 3657 506 3738 diacono,
540 3661 594 3723 sub
618 3660 701 3722 cuius
724 3677 795 3720 cura
825 3656 989 3740 degebam,
1022 3653 1117 3716 statim
1143 3650 1229 3713 retuli
1236 3673 1245 3727 ;

152 3778 182 3834 at
203 3773 253 3834 ille
275 3772 407 3854 repletus
429 3774 525 3856 gratia
548 3771 596 3835 dei
619 3772 739 3854 spiritus
766 3770 859 3833 sancti
888 3767 1046 3831 adventum
1070 3783 1116 3826 me
1140 3764 1169 3826 in
1192 3763 1244 3826 illo

154 3884 265 3948 vidisse
288 3887 388 3952 docuit
410 3888 539 3950 lectione
563 3893 678 3949 actuum
702 3884 912 3967 apostolurum.

168 4100 173 4111 ¹
224 4040 253 4110 1)
271 4041 346 4094 Dent.
362 4041 404 4110 18,
419 4043 444 4095 2.
516 4042 545 4113 2)
561 4042 621 4097 buc.
636 4041 677 4112 16,
689 4041 714 4099 9.
785 4039 813 4111 3>
833 4039 923 4095 Psalm.
939 4036 997 4108 1³6,
1014 4038 1038 4088 9.
1108 4034 1136 4103 4)
1154 4031 1245 4088 Psalm.

156 4124 214 4195 ¹1⁸2
234 4127 275 4183 ⁵⁷.
347 4130 605 4201 opuntiorum
