2692 4666
571 362 596 416 S.
617 360 772 414 utlssuostl

522 583 692 651 CAPUT
725 584 819 650 XIII.

123 727 263 795 luditbam,
283 746 339 781 cum
358 729 433 782 multa
451 730 564 798 pericula
582 747 629 798 pro
647 731 781 783 honestate
801 729 925 796 subisset,
944 729 1107 799 multiplicem
1126 745 1217 800 repor-

553 826 622 871 tasse
641 819 782 872 utilitatem.

208 955 260 1023 82.
305 959 385 1022 Ecce
408 959 459 1022 tibi
482 959 576 1022 luditb
594 955 624 1043 ¹)
651 979 686 1022 se
709 959 796 1023 ollert
818 961 977 1041 mirabills,
1009 979 1087 1042 quae
1110 959 1218 1024 formi-

123 1072 220 1134 datum
249 1073 366 1154 populls
392 1071 487 1134 virum
516 1071 738 1153 Holopbernem
769 1071 846 1152 adit,
880 1073 1077 1156 Assyriorum
1110 1075 1218 1137 trium-

122 1186 202 1267 phali
232 1193 366 1267 saeptum
396 1192 527 1248 caterva.
573 1186 667 1261 Quem
689 1187 784 1267 primo
814 1185 927 1248 formae
949 1187 1044 1269 gratia
1067 1192 1098 1248 et
1121 1186 1219 1249 vultus

123 1298 235 1361 decore
251 1299 385 1380 perculit,
409 1297 517 1361 deiude
532 1298 681 1361 sermonis
706 1299 934 1379 circumscripsit
956 1299 1115 1381 elegantia.
1153 1299 1218 1363 Pri-

123 1429 188 1474 mus
210 1411 373 1492 triumphus
397 1413 461 1473 eius
484 1411 537 1473 luit
551 1407 584 1495 ²)
608 1409 689 1491 quod
711 1412 859 1494 integrum
882 1410 1028 1492 pudorem
1051 1410 1089 1473 de
1116 1412 1218 1474 taber-

123 1524 229 1586 naculo
264 1525 357 1586 hostis
380 1526 513 1600 revexIt5
540 1524 689 1586 secundus
722 1524 801 1604 quod
825 1525 933 1587 femina
956 1523 995 1586 de
1017 1525 1084 1587 viro
1107 1542 1218 1605 repor-

124 1637 195 1699 tavit
217 1637 386 1716 victoriam,
410 1637 524 1722 fugavit
545 1640 673 1720 populos
696 1639 823 1703 consilio
846 1657 912 1702 suo.

209 1746 261 1813 83.
305 1751 495 1815 Horrueruut
515 1753 625 1815 Persae
647 1752 800 1816 audaciam
823 1753 896 1816 eius.
913 1749 945 1836 ³)
989 1753 1114 1835 Utique,
1139 1750 1218 1834 quod

123 1863 153 1927 in
176 1864 233 1926 illis
255 1864 449 1948 Pythagoreis
474 1865 589 1929 duobus
619 1867 779 1946 mirantur,
809 1885 871 1929 nou
893 1867 1013 1950 expavit
1033 1866 1139 1929 mortis
1161 1884 1217 1948 pe-

1 2021 2 2026 1
123 1978 264 2068 riculu'm,
298 1978 351 2041 sed
375 1998 433 2041 neo
455 1980 597 2061 pudoris,
631 1979 712 2061 quod
743 1986 789 2042 est
818 1981 940 2064 gravius
971 1980 1057 2043 bonis
1085 1979 1218 2042 feminis:

123 2110 184 2154 rron
207 2093 294 2154 unius
317 2093 407 2156 ictum
430 2093 594 2174 earnifioIs,
628 2093 761 2156 seduco
785 2096 873 2157 totius
897 2095 1047 2158 exercitus
1071 2094 1131 2157 tela
1154 2100 1218 2156 tre-

123 2205 245 2286 pidavit.
290 2204 376 2270 Stetit
399 2208 476 2269 inter
499 2225 612 2271 euneos
634 2208 810 2272 bellatorum
832 2208 956 2288 femina,
986 2208 1066 2270 inter
1087 2207 1219 2270 victricia

123 2336 218 2399 arura,
251 2336 358 2381 secura
391 2320 505 2381 mortis.
549 2320 695 2392 Quantum
726 2319 763 2382 ad
793 2319 903 2383 molem
934 2325 1050 2401 spectat
1082 2318 1218 2402 periculi,

123 2433 265 2496 moritura
285 2433 449 2515 processit3
473 2438 611 2515 quantum
634 2433 671 2496 ad
694 2434 797 2513 fidem,
823 2433 1002 2497 dimicatura.

210 2543 262 2610 84.
306 2547 496 2610 Honestatem
525 2545 615 2627 igitur
643 2553 744 2609 secuta
775 2553 821 2609 est
849 2546 945 2610 Iudith
976 2553 1020 2626 et,
1054 2545 1124 2608 dum
1156 2564 1218 2608 eam

123 2661 273 2741 sequitur,
295 2661 446 2723 utilitatem
468 2660 590 2723 invenit.
627 2660 798 2723 Honestatis
822 2660 900 2722 enim
922 2659 977 2722 fuit
998 2659 1163 2741 prohibere
1180 2678 1218 2722 ne

122 2774 249 2856 populus
272 2773 320 2835 dei
341 2792 376 2835 se
399 2774 532 2854 prolenis
555 2773 696 2854 dederet,
712 2769 745 2856 ⁴)
768 2793 806 2836 ne
828 2775 901 2837 ritus
924 2775 1036 2855 patrios
1061 2781 1092 2836 et
1113 2792 1219 2838 sacra·

122 2895 221 2950 menta
243 2885 402 2968 proderet,
431 2905 470 2949 ne
493 2905 595 2950 sacras
617 2888 768 2972 virgines,
801 2887 906 2950 viduas
929 2903 1061 2971 graves,
1093 2885 1216 2969 pudicas

122 3005 271 3062 matronas
294 2994 467 3063 barbaricae
489 2999 638 3062 subiceret
660 2999 827 3080 inpuritatI,
856 3016 896 3061 ne
918 2998 1106 3063 obsidionem
1130 2998 1217 3062 dedi-

122 3113 205 3177 tione
235 3113 386 3189 solveret3
418 3111 581 3175 honestatis
605 3112 659 3176 luit
680 3130 715 3176 se
736 3112 823 3175 malle
843 3130 899 3194 pro
929 3112 1064 3176 omnibus
1093 3112 1218 3195 pericli·

123 3226 195 3307 turi,
217 3232 250 3290 ut
272 3243 376 3289 omues
397 3226 541 3288 exImeret
563 3227 706 3307 periculo.

209 3337 261 3404 85.
307 3342 420 3414 Quanta
442 3341 606 3403 honestatis
629 3340 799 3419 auctoritas,
824 3347 856 3402 ut
873 3339 1027 3402 consilium
1043 3338 1081 3401 de
1096 3339 1217 3402 summis

122 3456 213 3519 rebus
236 3454 344 3516 femina
368 3455 423 3517 sibi
446 3452 623 3531 vindicaret,
656 3471 713 3514 nec
735 3453 916 3534 principibus
947 3450 1049 3533 populi
1079 3452 1217 3514 commit-

123 3568 214 3633 teret!
260 3568 374 3642 Quanta
396 3568 559 3630 honestatis
583 3568 761 3646 auctoritas,
784 3573 816 3628 ut
832 3567 918 3628 deum
937 3565 1104 3629 adiutorem
1125 3583 1216 3647 prae-

123 3690 255 3746 sumeret
266 3705 275 3760 ;
299 3690 406 3764 quauta
428 3684 542 3766 gratia,
564 3690 596 3745 ut
617 3681 786 3743 inveniretl

197 3952 225 4020 l)
242 3952 332 4004 luditb.
353 3951 394 4019 10,
415 3953 447 4003 10
466 3968 537 4020 seqq.
615 3952 644 4018 2)
663 3951 726 4004 lbid.
746 3949 788 4015 13,
807 3949 848 4002 20.
919 3949 949 4020 3)
966 3946 1029 4000 lbid.
1050 3947 1091 4014 15,
1113 3947 1126 3998 1
1146 3963 1215 4016 seqq.

123 4040 153 4110 4)
170 4040 232 4094 lbid.
251 4040 277 4106 8,
297 4040 330 4090 10
347 4057 417 4111 seqq.
