2692 4666
178 309 219 376 50
622 304 648 363 s.
667 304 822 362 nunnosu

177 487 291 555 genere
313 468 406 552 prima
430 466 584 551 disciplina
605 463 787 532 verecundia
810 474 873 545 est3
903 467 991 532 immo
1021 469 1107 532 etiam
1135 469 1268 534 inomni

176 603 233 648 usu
266 582 425 665 loquendi,
459 588 492 644 ut
521 581 632 644 sensim
663 579 728 661 quis
758 586 808 643 aut
836 581 964 663 psallere
997 589 1047 646 aut
1078 601 1188 647 canere
1220 591 1268 649 aut

176 705 328 783 postremo
358 697 440 780 loqui
468 696 603 779 incipiat,
633 701 666 758 ut
694 694 864 758 verecunda
892 697 1034 779 principia
1063 697 1270 762 commendent

176 830 361 898 processum.

265 923 316 992 68.
355 925 507 990 Silentium
530 940 649 1006 quoque
670 924 776 1007 ipsum,
799 922 829 985 in
852 941 911 1005 quo
934 929 982 986 est
1002 923 1182 1005 reliquarum
1203 926 1269 989 vir-

177 1049 271 1108 tutum
294 1041 394 1121 otium,
420 1042 565 1103 maximus
586 1020 669 1103 actus
692 1037 893 1103 verecundiae
916 1044 970 1101 cst.
1014 1039 1149 1119 Denique
1172 1039 1198 1101 si
1220 1046 1270 1103 aut

176 1156 317 1221 infantiae
339 1159 456 1237 putatur
479 1161 529 1218 aut
550 1153 724 1236 superbiae,
748 1155 859 1235 probro
883 1152 968 1216 datur
975 1174 985 1231 ;
1001 1154 1039 1217 'si
1059 1142 1270 1236 verecundiae,

177 1270 255 1334 laudi
279 1268 401 1332 ducitur.
441 1267 570 1331 'lacebat
592 1267 622 1328 in
642 1266 783 1348 periculis
799 1266 932 1331 Susanna
946 1262 976 1350 ¹]
993 1272 1023 1328 et
1038 1266 1160 1348 gravius
1176 1285 1271 1330 vere-

179 1382 316 1461 cundiae,
339 1398 426 1462 quam
449 1380 528 1442 vitae
551 1377 687 1442 damnum
702 1379 832 1460 putabat,
854 1396 911 1441 nec
927 1378 1122 1442 arbitrabatur
1136 1382 1272 1462 periculo

177 1496 301 1580 pudoris
329 1494 468 1559 tuendam
496 1492 627 1556 salutem.
672 1491 737 1556 Deo
767 1492 824 1555 soli
851 1492 1047 1573 loquebatur,
1078 1493 1125 1556 cui
1153 1501 1273 1576 poterat

179 1618 259 1675 casta
281 1607 462 1674 verecundia
486 1607 584 1688 eloqui
591 1627 601 1683 3
632 1605 800 1690 refugiebat
830 1623 883 1670 ora
913 1606 1021 1670 intueri
1043 1606 1194 1686 virorum;
1227 1616 1272 1673 est

179 1726 257 1788 enim
280 1731 310 1788 et
331 1725 362 1787 in
385 1722 477 1787 oculis
500 1721 690 1802 verecundia,
712 1728 744 1785 ut
765 1740 822 1785 nec
844 1720 948 1785 videre
970 1722 1054 1786 viros
1073 1721 1191 1803 lomina,
1214 1743 1273 1788 nee

179 1837 273 1901 videri
294 1837 373 1900 velit.

269 1946 321 2016 69.
365 1949 471 2031 Neque
492 1967 567 2013 vero
590 1949 742 2031 quisquam
764 1948 857 2012 solius
882 1948 958 2012 banc
986 1947 1104 2011 laudem
1132 1949 1272 2015 castitatis

179 2070 279 2148 putet3
313 2070 359 2127 est
382 2063 460 2126 enim
482 2062 663 2125 verecundia
685 2061 841 2144 pudicitiae
864 2080 983 2141 comes,
1016 2063 1099 2126 cuius
1127 2064 1274 2128 societate

181 2179 297 2242 castitas
320 2178 385 2260 ipsa
407 2179 498 2242 tutior
521 2184 574 2241 est.
611 2177 712 2240 Bonus
736 2179 813 2249 eninr
836 2178 988 2262 regendae
1012 2179 1151 2242 castitatis
1173 2180 1273 2263 pudor

181 2300 226 2357 est
248 2310 359 2373 comes,
382 2293 441 2374 qui,
464 2293 489 2355 si
511 2292 685 2375 praetendat
707 2311 782 2374 quae
804 2295 896 2375 prima
918 2293 1050 2376 pericula
1073 2299 1150 2373 sunt,
1178 2293 1272 2375 pudi-

181 2407 276 2470 citiam
306 2411 444 2472 temerari
473 2427 534 2473 non
566 2410 649 2472 sinat.
702 2409 755 2471 Hic
786 2410 897 2490 primus
929 2411 958 2472 ln
992 2410 1058 2492 ipso
1093 2409 1272 2492 cognitionis

180 2523 320 2606 ingressu
343 2522 452 2587 domini
474 2531 597 2588 matrem
620 2523 805 2587 commendat
826 2524 994 2607 legentibus
1011 2521 1043 2608 ²)
1067 2528 1096 2587 ct
1126 2518 1273 2606 tamquam

180 2639 264 2701 tostis
286 2637 437 2719 locuples,
468 2638 603 2722 dignam,
634 2657 710 2720 quae
733 2638 770 2701 ad
792 2638 851 2701 tale
873 2657 979 2704 munus
1003 2639 1192 2722 elegeretur,
1216 2638 1273 2703 ad-

180 2753 280 2831 struit,
311 2751 391 2833 quod
413 2753 444 2814 in
466 2752 619 2831 cubiculo,
647 2752 727 2834 quod
751 2751 833 2832 sola,
856 2753 935 2833 quod
958 2754 1082 2816 salutata
1104 2754 1140 2816 ab
1164 2754 1273 2838 angelo

181 2871 267 2946 tacet,
291 2873 321 2928 et
341 2872 421 2929 mota
445 2872 490 2929 est
513 2867 543 2928 in
565 2866 684 2930 introitu
708 2866 783 2947 eius,
806 2867 886 2948 quod
909 2868 946 2930 ad
968 2868 1060 2931 virilis
1084 2885 1177 2932 sexus
1198 2887 1273 2953 spe-

182 2979 256 3041 ciem
284 2980 472 3063 peregrinam
503 2982 635 3044 turbatur
664 2988 801 3063 aspectus
832 2981 965 3064 virginis.
1011 2982 1110 3063 ltaque
1140 2985 1274 3065 quamvis

182 3097 263 3155 esset
291 3093 424 3174 humilis,
457 3112 531 3176 prae
564 3094 744 3157 verecundia
776 3101 874 3158 tamen
903 3113 964 3158 non
994 3097 1181 3177 resalutavit,
1217 3116 1275 3162 nec

181 3207 271 3271 ullum
294 3225 471 3291 responsum
492 3209 600 3290 retulit,
624 3209 680 3273 nisi
704 3209 754 3272 ubi
776 3207 814 3272 de
837 3210 1026 3292 suscipienda
1049 3210 1158 3275 domini
1173 3230 1274 3296 gene-

181 3320 297 3387 ratione
320 3324 480 3407 cognovit,
502 3329 534 3385 ut
557 3323 725 3403 qualitatem
747 3321 870 3386 effectus
895 3322 1042 3404 disceret,
1067 3342 1128 3387 non
1150 3330 1182 3388 ut
1204 3343 1275 3389 scr·

182 3452 300 3501 monem
323 3434 459 3498 referret.

269 3548 318 3615 70.
362 3549 396 3612 ln
417 3551 482 3632 ipsa
512 3550 647 3613 oratione
676 3557 778 3614 nostra
807 3550 930 3614 multum
958 3551 1138 3616 verecundia
1167 3553 1275 3635 placet,

182 3665 304 3741 multum
336 3665 473 3729 conciliat
503 3664 616 3748 gratiae
646 3664 723 3746 apud
752 3665 839 3728 deum
868 3671 1010 3729 nostrum.
1063 3666 1170 3730 Nonne
1201 3669 1275 3733 haec

183 3780 321 3862 praetulit
343 3780 529 3864 publicanum
552 3787 581 3843 et
604 3781 820 3844 commendavit
842 3800 919 3861 eum,
941 3783 992 3864 qui
1009 3799 1065 3845 neo
1081 3783 1186 3848 oculos
1201 3802 1274 3850 suos

186 3893 312 3956 audebat
334 3893 371 3958 ad
393 3894 507 3962 caelum
529 3893 656 3961 levare?
673 3889 705 3980 ³)
749 3892 819 3957 ldeo
842 3895 1015 3959 iustificetur
1040 3899 1134 3981 magis
1163 3898 1275 3963 domini

194 4045 396 4062 —·—-—--

256 4136 283 4210 1)
302 4136 366 4192 ban.
386 4139 428 4210 13,
447 4140 488 4196 35.
559 4142 589 4214 2)
607 4141 666 4198 Luc.
686 4143 711 4212 1,
729 4143 763 4201 29
782 4157 837 4221 aeq.
908 4140 939 4223 3)
956 4139 1016 4202 tua
1036 4141 1076 4219 18,
1096 4141 1129 4197 13
1147 4157 1203 4226 seq.
