2692 4666
126 308 190 370 168
571 302 597 357 s.
616 301 771 355 nrtaaosu

121 469 266 548 patiamur
288 465 392 527 alienis
416 465 644 543 calamitatibus,
677 464 872 547 necessitates
903 464 1045 545 aliorum,
1079 474 1220 547 quantum

121 596 291 663 possumus,
314 579 459 657 iuvemus,
482 583 511 639 et
533 577 599 658 plus
622 575 778 657 interdum,
802 597 889 659 quam
907 595 1077 661 possumus.
1113 580 1221 644 Melius

122 697 169 755 est
190 690 269 754 enim
290 709 346 773 pro
369 689 574 753 misericordia
596 706 703 752 causas
726 696 891 770 praestare,
912 691 963 755 vel
984 692 1124 757 invidiam
1146 713 1221 776 pcr-

121 805 192 886 peti,
215 821 302 884 quam
324 800 522 884 praetendere
548 800 775 879 inclementiam,
798 809 831 863 ut
852 820 909 864 nos
931 802 1092 884 aliqnando
1114 806 1148 868 in
1171 807 1221 868 io-

122 917 230 982 uidiam
253 917 418 995 incidimus,
441 913 522 997 quod
538 914 776 997 confregerimus
791 933 864 978 vasa
880 916 1014 998 mystica,
1034 923 1069 979 ut
1084 919 1221 1001 captivos

121 1032 345 1109 redimeremus,
367 1029 448 1110 quod
471 1029 590 1091 Arianis
613 1027 772 1109 displicere
793 1034 931 1109 poterat3
955 1047 1011 1092 uec
1030 1036 1090 1093 tam
1111 1031 1221 1096 iactum

122 1147 300 1228 displicere,
333 1162 421 1226 qnam
454 1149 486 1205 ut
520 1150 601 1206 esset
635 1143 715 1224 quod
749 1143 779 1204 in
812 1143 900 1206 nobis
933 1143 1220 1223 reprehenderetur.

123 1261 198 1335 Quis
218 1265 314 1322 antem
338 1265 384 1320 est
406 1263 463 1319 tam
483 1257 585 1336 durus,
608 1256 728 1334 inmitis,
751 1254 881 1334 ferrens,
904 1256 953 1318 cui
969 1255 1125 1338 displiceat
1140 1260 1221 1340 quod

123 1374 212 1437 bomo
235 1371 388 1435 redimitur
411 1388 429 1433 a
451 1376 563 1447 morte,
595 1368 703 1432 femina
725 1370 762 1432 ab
784 1369 992 1451 inpuritatibus
1014 1369 1221 1452 barbarorum,

122 1506 200 1568 qnae
228 1485 386 1566 graviores
415 1491 511 1547 morto
539 1489 624 1561 sunt,
656 1483 870 1547 adulescentuli
901 1490 990 1564 atquc
1022 1486 1142 1565 pueruli
1173 1488 1221 1550 vel

122 1596 251 1660 infantes
274 1596 310 1657 ab
333 1594 480 1658 idolorum
503 1595 667 1676 contagiis,
699 1596 806 1676 quibus
836 1597 941 1658 mortis
970 1602 1050 1659 metu
1080 1599 1221 1680 inquina-

124 1709 256 1772 bantur?

214 1819 284 1884 137.
329 1820 423 1894 Quam
456 1837 575 1882 causam
607 1838 663 1882 nos
694 1820 751 1882 etsi
782 1838 842 1883 non
874 1822 947 1884 sine·
971 1825 1090 1888 ratione
1121 1826 1220 1909 aliqua

123 1935 282 2021 gessimus,
305 1940 402 1996 tamen
426 1934 465 1996 ita
485 1933 514 1994 in
534 1932 644 2014 populo
660 1935 811 2015 prosecuti
827 1952 941 2014 sumus,
961 1942 993 1999 ut
1009 1938 1222 2003 confiteremur

123 2051 275 2131 multoque
304 2047 399 2111 luisse
428 2046 612 2111 commodius
638 2047 876 2129 adstrueremus,
910 2057 942 2112 ut
964 2051 1077 2115 animas
1099 2052 1221 2117 donum

125 2183 211 2246 qnam
226 2181 328 2226 aurum
344 2176 542 2223 servaremus.
580 2159 638 2233 Qui
653 2159 731 2221 enim
746 2160 811 2223 sine
827 2179 900 2223 auro
917 2161 993 2223 misit
1007 2164 1176 2244 apostolos,
1189 2162 1219 2249 ¹]

125 2285 155 2341 et
184 2276 326 2339 ecclesias
354 2276 420 2338 sine
450 2291 523 2334 auro
554 2273 760 2354 congregavit.
811 2271 926 2337 Aurum
954 2272 1089 2338 Ecclesia
1120 2276 1220 2357 babet,

124 2410 186 2454 non
207 2397 240 2453 ut
262 2394 380 2468 servet,
410 2386 463 2450 sed
486 2395 519 2450 nt
541 2393 664 2469 eroget,
692 2394 722 2449 ut
745 2387 903 2450 subveniat
923 2387 955 2450 in
977 2390 1219 2454 necessitatibus

124 2503 201 2578 Quid
231 2518 306 2583 opus
335 2506 382 2564 est
410 2498 560 2563 custodire
589 2498 669 2581 quod
691 2499 760 2561 nibil
783 2499 928 2563 adiuvat?
973 2499 1021 2564 An
1043 2501 1218 2585 ignoramus

124 2623 263 2699 quantum
289 2614 354 2677 auri
383 2620 473 2693 atque
503 2613 620 2696 argenti
643 2611 680 2674 de
703 2613 812 2694 templo
836 2612 946 2675 domini
969 2613 1090 2698 Assyrii
1112 2622 1219 2680 sustu-

122 2730 233 2792 lerint?
246 2725 278 2813 ²)
314 2727 422 2791 Nonne
442 2727 546 2790 melius
569 2725 699 2789 conflant
721 2725 896 2813 sacerdotes
911 2733 1035 2809 propter
1050 2729 1219 2793 alimoniam

123 2861 304 2925 pauperum,
340 2845 367 2906 si
400 2844 456 2906 alia
492 2842 622 2905 subsidia
656 2841 771 2920 desint,
811 2860 898 2922 quam
936 2842 1103 2925 sacrilegus
1140 2860 1219 2907 con·

124 2959 259 3020 taminata
281 2963 415 3037 asportet
435 2956 555 3020 bostis?
598 2956 706 3020 Nonne
734 2955 865 3018 dicturus
894 2960 941 3017 est
969 2954 1124 3020 dominus:
1157 2956 1219 3019 Gur

123 3086 230 3151 passus
261 3086 294 3131 es
326 3077 370 3132 tot
390 3071 496 3152 inopes
519 3070 596 3133 lame
620 3071 739 3134 emori?
783 3069 820 3132 Et
843 3076 925 3133 certe
948 3070 1080 3132 habebas
1102 3088 1219 3151 numm,

124 3181 322 3243 ministrasses
346 3179 520 3243 alimoniam.
565 3182 625 3245 Cur
647 3188 691 3246 tot
713 3183 820 3263 captivi
843 3181 962 3246 deducti
985 3185 1014 3245 in
1037 3184 1218 3247 commercio

125 3302 209 3374 sunt,
240 3313 296 3356 neo
326 3292 470 3374 redempti
498 3295 535 3356 ab
565 3293 653 3356 hoste
683 3295 774 3356 occisi
803 3295 895 3356 sunt?
939 3293 1044 3356 Melius
1068 3293 1165 3357 iuerat
1187 3301 1219 3358 ut

124 3424 195 3468 vasa
218 3406 379 3469 viventium
401 3423 550 3486 servares,
578 3425 665 3486 quam
686 3405 879 3469 metallorum.

215 3517 286 3583 138.
330 3519 381 3581 llis
415 3539 475 3583 non
509 3526 613 3602 posset
645 3538 823 3602 responsum
857 3520 975 3584 referri.
1028 3519 1106 3594 Quid
1140 3521 1219 3584 enim

127 3631 259 3721 diceres:
283 3634 377 3697 Timui
399 3655 437 3698 ne
461 3635 570 3717 templo
594 3635 642 3698 dei
666 3643 788 3699 ornatus
810 3635 955 3699 deesset?
990 3632 1217 3716 Responderet:

126 3747 238 3810 Aurum
261 3754 443 3810 sacramenta
465 3767 526 3812 non
548 3753 710 3827 quaerunt,
741 3765 840 3828 neque
870 3765 942 3810 auro
973 3745 1109 3827 placent,
1140 3764 1218 3827 quae

127 3880 199 3925 auro
222 3880 284 3925 non
306 3868 450 3924 emuntur.
495 3862 625 3924 Ornatus
648 3868 899 3926 sacramentorum
920 3860 1087 3941 redemptio
1120 3861 1217 3942 capti-

200 4102 227 4165 ι]
245 4101 330 4155 natan.
349 4102 391 4169 to,
411 4103 434 4155 a.
505 4103 536 4174 a)
554 4104 578 4157 a.
591 4103 654 4173 aeg.
673 4105 717 4170 24,
737 4101 777 4157 13.
