2692 4666
122 345 183 407 192
562 339 587 391 s.
606 336 762 391 auanosu

121 500 184 563 dira
209 500 384 564 conficiebat
407 501 508 576 tabes;
539 505 665 579 quantos
689 500 754 562 urbi
777 517 849 561 suae
872 497 989 579 perire,
1013 497 1063 577 qui
1086 497 1220 560 solerent

120 614 289 678 adiumento
315 633 385 677 esse
407 614 457 676 vel
479 615 508 675 in
530 612 722 676 conterendis
746 613 885 675 subsidiis
908 613 957 675 vel
979 613 1008 674 in
1032 612 1219 675 celebrandis

123 728 309 790 commerciis
317 750 326 805 ;
360 729 506 790 neminem
538 727 644 789 lamem
674 728 800 790 alienam
831 728 952 806 iuvare,
987 726 1167 807 protrahere
1190 732 1221 789 ut

124 841 279 922 plurimum
303 841 379 903 diem
403 858 504 922 posse,
528 858 588 902 non
612 841 739 921 inopiam
757 839 914 921 repellere,
938 840 1026 901 immo
1050 845 1095 901 tot
1119 839 1220 901 culto-

122 956 204 1017 ribus
230 955 393 1032 exstinctis,
417 960 461 1015 tot
482 953 622 1034 agricolis
646 952 860 1030 occidentibus,
885 969 1029 1014 occasura
1053 952 1082 1013 in
1107 969 1222 1033 perpe-

122 1074 201 1130 tuum
227 1067 363 1131 subsidia
383 1067 581 1128 frumentaria.
620 1065 682 1128 llos
705 1067 796 1147 igitur
818 1066 1015 1143 excludimus,
1038 1067 1089 1146 qui
1113 1067 1222 1128 victum

121 1184 208 1244 nobis
232 1180 345 1244 inferre
369 1186 552 1244 consuerunt
559 1202 568 1256 ;
592 1180 648 1242 bos
672 1179 808 1242 nolumus
825 1180 853 1241 in
874 1185 1009 1260 ternpore
1032 1179 1222 1242 necessitatis

121 1314 266 1378 pascere,
303 1296 352 1375 qui
375 1313 431 1357 nos
461 1295 540 1357 omui
570 1300 667 1355 aetate
695 1293 854 1375 paverunt!
901 1295 1015 1368 Quanta
1046 1300 1117 1356 sunt
1147 1311 1222 1374 quae

122 1412 159 1472 ab
181 1413 253 1491 ipsis
278 1409 364 1471 nobis
391 1409 449 1471 boc
478 1409 543 1489 ipso
574 1413 709 1489 tempore
740 1408 957 1470 ministranturl
1003 1407 1074 1469 Non
1099 1407 1134 1468 in
1155 1407 1222 1469 solo

119 1543 203 1603 puae
226 1524 304 1583 civit
325 1523 423 1584 bomo.
441 1518 471 1604 ¹)
516 1519 626 1582 Nostra
649 1520 707 1583 illic
731 1520 855 1599 tamilla,
887 1520 1021 1603 plerique
1052 1520 1141 1583 etiam
1163 1538 1222 1582 no·

122 1636 175 1698 stri
197 1639 336 1717 parentes
359 1638 435 1694 sunt.
480 1631 648 1692 Reddamus
671 1631 751 1712 quod
776 1633 953 1713 accepimus.

211 1745 262 1810 dt.
309 1745 367 1812 Sed
385 1741 523 1807 veremur
535 1764 572 1806 ne
586 1745 768 1808 cumulemus
784 1746 921 1827 inopiam.
954 1746 1081 1809 Primum
1094 1744 1221 1809 omnium

122 1861 326 1923 misericordia
352 1877 511 1940 numquam
531 1859 712 1951 destituitur,
735 1859 788 1921 sed
809 1843 977 1922 adiuvaturJ
1010 1858 1127 1923 Deinde
1149 1859 1222 1922 sub-

123 1976 197 2039 sidia
229 1993 383 2054 annonae,
419 1992 497 2055 quae
529 1975 573 2036 bis
605 1974 791 2054 impertienda
821 1982 906 2054 sunt,
939 1976 1110 2038 conlatione
1140 1973 1222 2036 redi-

122 2103 254 2165 mamus,
284 2103 460 2169 reparemus
484 2103 567 2148 auro.
612 2084 760 2167 Numquid
787 2087 832 2148 his
857 2087 1061 2153 deficientibus
1093 2107 1154 2152 non
1177 2087 1224 2150 alii

123 2201 210 2262 nobis
244 2200 409 2263 redimendi
445 2200 575 2264 cultores
605 2200 767 2264 videntur?
819 2204 936 2277 Quanto
970 2202 1056 2265 vilius
1089 2209 1135 2266 est
1169 2220 1223 2283 pa-

123 2332 227 2392 scere,
251 2334 337 2395 quam
361 2335 462 2378 emere
485 2316 654 2378 cultorem?
699 2317 754 2378 Ubi
778 2319 864 2379 etiam
888 2334 1028 2400 repares,
1059 2317 1111 2379 ubi
1134 2316 1223 2378 inve·

123 2427 188 2490 nias
214 2446 301 2508 quern
328 2428 503 2491 reformes?
547 2429 651 2509 Adde,
682 2431 707 2492 si
739 2431 889 2509 invenies,
924 2429 1003 2511 quod
1034 2431 1175 2513 ignarum
1198 2432 1225 2489 et

124 2541 213 2605 alieni
234 2560 323 2621 usus,
346 2560 470 2605 numero
494 2545 593 2624 possis
616 2543 814 2622 substituere,
838 2561 899 2606 non
923 2543 1022 2606 cultui.

210 2651 261 2718 48.
308 2655 385 2730 Quid
415 2656 524 2736 plura?
569 2655 692 2718 Conlato
727 2673 801 2718 auro
833 2662 936 2719 coacta
968 2653 1115 2716 frumenta
1147 2661 1223 2718 eunt.

123 2767 166 2829 lta
189 2785 247 2830 nec
269 2766 475 2831 abundantiam
499 2767 580 2830 urbis
604 2769 706 2830 minuit
722 2773 751 2829 et
766 2769 935 2851 peregrinis
959 2767 1127 2830 alimoniam
1150 2769 1224 2831 sub-

123 2881 307 2942 ministravit.
347 2881 481 2954 Ouantae
497 2881 554 2943 hoc
574 2880 839 2945 commendationis
862 2880 939 2963 apud
963 2881 1051 2944 deum
1074 2879 1130 2943 luit
1152 2899 1224 2944 san·

124 2994 256 3056 ctissimo
288 2994 368 3072 seni,
402 3000 530 3073 quantae
560 2994 638 3074 apud
668 2995 803 3057 homines
834 2993 968 3076 gloriael
1014 2995 1069 3058 llic
1098 3011 1224 3077 magnus

124 3123 199 3169 vere
221 3106 381 3186 probatus,
405 3107 457 3186 qui
472 3124 547 3169 vere
567 3108 661 3188 potuit
682 3108 853 3190 imperatori
875 3107 992 3186 dicere,
1017 3106 1225 3171 demonstrans

123 3218 298 3301 provinciae
319 3220 409 3281 totius
431 3220 575 3301 populos:
599 3220 661 3284 llos
686 3222 738 3284 tibi
760 3239 865 3284 omnes
887 3221 1052 3300 reservavi,
1077 3220 1108 3284 hi
1123 3221 1225 3284 vivunt

124 3331 271 3395 beneficio
295 3332 335 3395 tui
358 3339 497 3411 senatus,
521 3334 576 3396 bos
601 3340 649 3396 tua
672 3333 753 3396 curia
776 3335 864 3395 morti
888 3332 1013 3395 abstulit.

211 3442 263 3511 49.
309 3447 426 3520 Quanto
450 3447 508 3510 hoc
531 3448 648 3526 utilius,
677 3466 763 3527 quam
787 3447 874 3525 illud,
898 3445 978 3526 quod
1000 3445 1139 3525 proxime
1160 3444 1224 3508 llo·

125 3577 191 3621 mae
215 3557 323 3622 lactum
346 3568 409 3640 est,
433 3561 546 3639 eiectos
570 3579 639 3625 esse
661 3562 736 3623 urbe
759 3560 952 3642 amplissima,
975 3559 1025 3639 qui
1047 3559 1105 3620 iam
1128 3559 1224 3641 pluri-

124 3688 201 3731 mam
220 3671 280 3733 illic
303 3677 429 3734 aetatem
452 3679 670 3757 transegerant,
693 3673 798 3735 flentes
822 3691 888 3734 cum
903 3672 970 3734 filiis
985 3673 1095 3752 abisse,
1118 3674 1224 3754 quibus

125 3782 208 3846 velut
242 3784 355 3846 civibus
389 3783 586 3846 amoliendum
621 3784 757 3847 exsilium
796 3783 1005 3863 deplorarent,
1044 3783 1224 3865 interruptae

125 3896 312 3976 conplurium
349 3898 607 3977 necessitudines,
646 3898 807 3977 diremptas
845 3896 1026 3959 affinitates?
1071 3896 1108 3960 Et
1142 3903 1224 3960 certe

195 4136 225 4207 1)
243 4137 317 4190 Deut.
336 4135 363 4202 8,
381 4136 406 4189 3.
