2692 4666
299 328 345 382 DE
365 326 500 382 oltricus
518 327 739 382 tttdrstflotttttt
757 327 853 382 LIBER
870 328 901 383 ll.
1083 333 1145 399 173

51 488 230 554 anctoritate
259 495 290 552 et
311 488 393 553 serie
414 490 551 554 lectionis
575 496 605 552 ct
624 489 778 554 lleliodori
800 489 933 573 periculo
956 490 1008 554 vix
1030 489 1147 554 taudem

50 602 199 664 rationem
219 600 382 682 imperator
406 602 530 684 accepit.
574 602 644 665 Post
674 602 761 664 etiam
792 607 931 683 temptata
962 603 1058 667 iuerat
1087 605 1147 669 oh·

51 715 169 795 reptio;
199 712 255 778 sed
282 716 437 796 praevenit
465 720 585 779 sanctus
616 716 793 798 episcopus,
826 721 858 779 ut
879 715 1020 781 redderet
1040 717 1148 782 viduae

52 827 135 908 quod
160 834 331 923 pcccpcrat.
375 827 463 892 Fides
493 829 609 892 interim
639 829 722 892 solva
754 835 817 906 est3
847 831 995 912 inpressio
1018 839 1150 896 nonest

53 939 215 1020 formidini,
237 941 306 1022 quin
327 942 385 1004 iam
407 958 467 1023 res,
490 961 552 1006 non
574 942 649 1005 fides
671 943 861 1026 periclitatur.

446 1139 618 1207 CAPUT
651 1142 762 1208 XXX.

55 1282 124 1336 Libri
143 1283 273 1337 conclusio
291 1300 337 1352 per
356 1284 555 1336 exhortationem
574 1285 605 1337 ad
623 1285 759 1353 fugiendos
778 1285 878 1338 invidos
897 1293 972 1355 nique
990 1287 1021 1338 ad
1035 1287 1149 1355 pruden-

284 1373 358 1437 tiam,
378 1372 453 1423 iidem
471 1371 585 1442 aliasque
603 1374 708 1426 virtutos
726 1373 925 1442 prosequendas.

146 1501 218 1568 152.
263 1503 345 1584 Filii,
379 1504 473 1589 fugite
501 1505 663 1588 inprobos,
695 1512 801 1569 cavete
829 1504 956 1569 invidos.
1000 1506 1079 1568 lnter
1101 1507 1150 1569 in·

55 1617 183 1698 probum
206 1622 236 1679 et
257 1615 387 1678 invidum
410 1616 469 1680 hoc
490 1617 630 1680 interest:
653 1618 796 1699 inprobus
812 1636 867 1681 suo
883 1619 1046 1682 delectatur
1060 1620 1152 1700 hono,

57 1728 176 1792 invidus
210 1735 365 1811 torquetur
396 1731 512 1809 alicn03
548 1732 599 1795 illc
632 1731 727 1816 diligit
759 1733 854 1814 mala,
887 1734 936 1796 hio
968 1735 1047 1797 hona
1079 1735 1153 1815 odit,

57 1847 89 1904 ut
118 1859 216 1925 prope
243 1844 425 1908 tolerabilior
454 1845 492 1908 sit
520 1847 571 1927 qui
598 1847 654 1910 sibi
681 1847 744 1910 vult
770 1848 865 1928 hene,
895 1865 983 1928 qnam
1005 1848 1055 1928 qui
1076 1848 1153 1912 male

58 1956 205 2019 omnibus.

147 2065 219 2133 153.
262 2069 343 2151 Filii,
365 2076 433 2135 unte
456 2072 565 2136 iactum
585 2075 732 2158 cogitate,
763 2080 880 2138 etcum
904 2072 1011 2138 diutius
1033 2073 1153 2157 cogita-

56 2184 181 2263 veritis,
214 2190 283 2247 tuno
314 2184 419 2267 facite,
453 2185 535 2269 quod
562 2189 705 2271 probatis.
755 2187 922 2252 laudabilis
953 2187 1057 2250 mortis
1086 2204 1154 2249 cunr

59 2298 181 2364 occasio
214 2298 314 2378 dator,
347 2300 491 2382 rapienda
519 2308 566 2364 cst
595 2303 673 2366 ilico.
723 2302 818 2367 Dilata
846 2303 942 2387 gloria
972 2300 1065 2385 fugit,
1095 2319 1154 2365 neo

59 2411 149 2476 laoile
171 2410 433 2494 conprehenditur.

149 2523 219 2590 154.
262 2524 365 2589 Fidem
388 2524 516 2609 diligite,
549 2527 688 2607 qnoniam
717 2546 773 2609 per
799 2526 887 2589 fidem
910 2532 940 2588 et
963 2525 1153 2589 devotionem

59 2639 154 2705 losias
173 2637 203 2724 ι)
227 2657 367 2723 magnum
389 2639 445 2703 sihi
467 2639 503 2702 ah
526 2638 705 2704 adversariis
728 2657 858 2703 amorem
881 2639 1048 2720 adquisivit,
1074 2656 1155 2718 quo-

59 2754 139 2817 niam
161 2753 323 2816 celebravit
345 2752 456 2833 pascha
478 2752 605 2833 domini,
639 2773 704 2816 cum
728 2760 809 2817 esset
830 2771 975 2817 annorum
999 2751 1101 2816 decem
1125 2757 1155 2813 et

62 2873 143 2946 octo,
166 2866 416 2947 quemadmodum
438 2884 526 2930 uerno
550 2873 618 2930 anto
641 2886 717 2930 cum.
754 2867 825 2930 Zelo
847 2869 946 2948 itaqua
968 2868 1038 2931 vicit
1059 2883 1155 2948 supe-

61 2980 179 3056 riores;
213 2980 253 3042 itu
276 2985 305 3043 et
327 2998 401 3060 vos,
423 2980 490 3059 lilii,
512 2980 610 3044 zelum
632 2981 681 3044 dci
703 2984 820 3045 sumite.
863 2981 1008 3062 Exquirat
1029 2998 1086 3044 vos
1109 2978 1158 3044 dei

62 3091 147 3154 celus
170 3097 200 3153 et
222 3090 358 3172 devoret,
381 3099 413 3156 ut
435 3094 640 3173 unusquisque
662 3101 793 3156 vestrum
815 3093 908 3157 dicat:
921 3092 953 3180 ².)
977 3094 1160 3174 Ecqnie'ioit

62 3223 109 3266 mc
140 3205 227 3267 selus
258 3205 367 3272 domas
398 3213 478 3267 tnnc.
526 3204 691 3286 Apostolus
721 3204 830 3269 Christi
859 3206 973 3270 zelotes
1005 3205 1108 3268 dictus.
1124 3199 1157 3287 3)

64 3317 142 3391 Quid
172 3316 210 3379 dc
238 3318 375 3399 apostolo
405 3318 499 3382 dico?
542 3317 609 3399 lpse
637 3317 772 3381 dominus
799 3320 855 3382 ait:
872 3315 906 3404 ⁴)
937 3318 1029 3382 Zetus
1051 3318 1161 3381 domas

65 3438 136 3493 tuae
172 3430 302 3493 comedit
329 3450 384 3491 me.
437 3429 480 3495 Sit
510 3445 585 3511 crgo
617 3427 665 3491 dci
695 3428 797 3508 zelus,
831 3447 891 3492 non
919 3429 976 3491 iste
1005 3427 1159 3506 humanus,

65 3563 155 3625 quem
177 3544 286 3608 invidia
309 3549 444 3628 generat.

155 3655 226 3723 155.
272 3656 316 3722 Sit
337 3657 414 3721 inter
436 3675 490 3722 vos
520 3677 597 3740 pax,
627 3673 704 3737 quse
734 3659 855 3736 superat
884 3670 1001 3716 omnem
1029 3668 1159 3714 sensum.

65 3770 174 3834 Amute
197 3788 254 3833 vos
275 3771 412 3835 invicem.
457 3771 535 3834 Nihil
557 3772 680 3835 caritate
703 3769 825 3848 dulcius,
847 3767 920 3832 nihil
941 3785 1015 3850 pace
1037 3767 1160 3851 gratius.

140 4036 170 4107 1)
193 4037 218 4091 d.
236 4037 299 4106 lleg.
318 4035 367 4103 23,
393 4036 424 4091 21
445 4053 516 4108 seqq.
587 4037 616 4102 2)
639 4036 800 4103 inicos,
826 4036 866 4088 10.
938 4037 966 4097 3)
990 4034 1050 4089 huc.
1068 4034 1100 4099 6,
1119 4034 1161 4086 15,

68 4125 99 4195 4)
119 4124 208 4179 Ιοιιιιιι.
227 4127 254 4191 2,
274 4126 314 4180 17.
