2692 4666
332 339 377 391 DE
395 338 531 394 baticus
551 337 775 394 llllNlS'l'IlOllUll
792 338 889 394 utana
906 341 937 394 ll.
1116 345 1174 408 161

86 499 181 563 lsrael
209 518 269 563 non
301 501 502 582 reperiretur,
533 518 551 563 a
581 501 710 582 vestigio
741 500 826 582 pedIs
858 519 954 583 usque
983 500 1020 565 ad
1046 500 1189 564 verticem

88 613 291 676 inmaculatus.
335 610 363 675 ls
387 612 457 675 iecit
478 613 535 676 sibi
565 631 671 676 currus
695 619 725 675 et
748 631 844 694 equos
868 620 899 676 ct
920 615 1004 678 viros
1038 614 1190 695 quinqua·

86 728 188 810 ginta,
212 728 261 807 qui
282 729 513 808 praecurrerent
535 729 603 786 ante
626 741 702 788 eum.
743 723 889 807 Surgebat
905 725 1033 788 diluculo
1051 732 1080 787 et
1095 725 1190 789 stabat

87 846 157 903 ante
174 846 288 923 portam
309 839 338 900 in
360 838 419 916 via,
443 842 473 899 et
495 837 630 917 siquem
655 837 834 900 advertisset
856 839 939 920 regis
962 837 1070 902 iudicia
1092 856 1189 919 quae-

87 959 224 1032 rentem,
255 951 417 1016 accedebat
440 951 476 1013 ad
501 968 584 1030 eum,
619 950 736 1013 dicens:
767 950 813 1012 Ex
844 970 902 1030 qua
932 952 1054 1014 ciuitate
1076 968 1110 1014 es
1133 951 1190 1014 tu?

86 1065 301 1148 Respondebat
323 1065 390 1127 ille:
413 1063 460 1126 Ex
482 1082 541 1125 una
563 1065 642 1126 tribu
663 1082 728 1126 sum
748 1063 785 1125 de
800 1064 933 1126 tribubus
955 1063 1059 1143 lsrael,
1082 1081 1190 1126 servus

88 1185 167 1241 tuus.
213 1178 373 1242 Referebat
395 1179 581 1242 Abessalon:
612 1179 711 1242 Verba
743 1185 792 1241 lua
817 1180 896 1241 bona
927 1185 995 1240 sunt
1018 1183 1048 1241 et
1069 1177 1191 1258 directe,

89 1289 194 1370 etqui
216 1295 245 1351 te
268 1290 385 1370 audiat,
409 1309 470 1354 nou
493 1290 612 1352 esttibi
636 1290 721 1353 datus
744 1308 762 1353 a
783 1291 886 1374 rege?
932 1291 1005 1364 Quis
1032 1290 1191 1355 constituet

89 1420 137 1463 me
159 1401 310 1465 iudicem?
344 1409 373 1465 et
396 1402 530 1484 quisquis
553 1401 589 1464 ad
612 1421 660 1464 me
681 1403 800 1482 veniet,
830 1404 1006 1482 cuicumque
1028 1400 1119 1464 fuerit
1139 1401 1190 1463 iu-

88 1513 197 1576 dicium
220 1514 443 1592 necessarium,
470 1513 634 1576 iustificabo
657 1513 746 1576 illum.
792 1513 912 1577 Talibus
942 1514 1102 1577 deliniebat
1123 1514 1190 1578 sin-

89 1627 179 1708 gulos
194 1628 392 1690 sermonibus.
436 1627 553 1690 Etcum
570 1626 748 1689 accederent
771 1626 898 1690 adorare
921 1647 999 1707 eum,
1022 1627 1189 1692 extendens

91 1754 196 1800 manus
219 1755 289 1801 suas
321 1737 562 1820 adprehendebat
590 1744 679 1817 alque
709 1739 899 1802 osculabatur
930 1758 994 1804 eos.
1039 1741 1089 1806 Sic
1111 1759 1190 1806 cou-

88 1853 178 1913 vertit
194 1852 224 1914 in
240 1869 275 1914 se
291 1850 383 1914 corda
400 1853 538 1932 omnium,
562 1851 630 1914 dum
653 1851 812 1916 blanditiae
834 1853 1001 1918 huiusmodi
1023 1854 1189 1919 intimorum

91 1972 217 2050 tangunt
238 1967 386 2029 viscerum
409 1985 539 2030 sensum.

179 2074 251 2142 115.
296 2079 356 2145 Sed
379 2078 496 2142 delicati
519 2080 566 2143 isti
588 2087 619 2141 et
642 2078 789 2143 ambitiosi
820 2079 976 2162 elegerunt
1004 2080 1191 2143 honorabilia

90 2197 121 2254 et
142 2197 228 2276 grata
258 2190 295 2254 ad
325 2198 440 2274 tempus
463 2200 493 2255 et
516 2191 651 2256 iucunda.
695 2193 752 2255 Ubi
780 2210 873 2275 parva
902 2194 1052 2275 processit
1081 2193 1191 2274 dilatio,

91 2322 179 2386 quam
201 2304 332 2387 prudens
363 2306 492 2368 omnium
521 2306 667 2388 propbeta
697 2305 850 2387 paulisper
883 2305 1021 2371 cedendo
1052 2307 1192 2390 interpo-

90 2419 220 2483 nendam
242 2419 374 2501 putavit,
396 2438 458 2483 non
480 2425 642 2503 potuerunt
661 2419 792 2483 tolerare
809 2438 843 2482 ac
858 2421 1018 2483 sustinere.
1056 2420 1193 2501 Denique

91 2550 153 2595 non
176 2533 312 2596 dubitans
333 2531 371 2593 de
389 2533 514 2594 victoria
530 2530 625 2594 David
645 2530 867 2594 commendabat
889 2531 980 2593 lilium
1003 2528 1193 2611 dimicaturis,

91 2654 124 2711 ut
147 2648 175 2710 ei
196 2652 363 2730 parcerent.
385 2641 413 2728 ¹)
458 2644 589 2726 Ideoque
613 2663 670 2707 nec
692 2644 805 2726 praelio
829 2644 976 2706 interesse
1007 2641 1125 2722 maluit,
1153 2661 1216 2717 ne,

93 2760 143 2822 vel
165 2759 283 2823 referre
306 2777 403 2839 arma,
425 2758 593 2840 parricidae
616 2759 701 2839 licet,
726 2758 897 2837 videretur,
926 2756 981 2820 sed
1004 2763 1100 2819 tamen
1122 2756 1191 2821 lilio.

185 2872 254 2938 116.
298 2873 403 2954 Liquet
436 2875 528 2957 igilur
561 2892 598 2936 ea
632 2892 700 2937 esse
734 2880 878 2956 perpetua
908 2891 943 2936 ac
971 2870 1083 2951 solida,
1114 2889 1193 2952 quae

91 3007 165 3052 vera
195 2993 264 3050 sunt
285 2992 316 3049 et
337 3006 415 3068 quae
445 2987 564 3051 sincere
592 2989 707 3069 potius,
742 3007 828 3067 quarn
852 2986 921 3051 dolo
951 2991 1193 3070 congregantem

92 3118 129 3162 ea
161 3118 255 3179 vero,
289 3117 367 3180 quae
396 3099 584 3163 simulatione
613 3107 704 3181 alque
736 3099 945 3163 adsentatione
978 3105 1079 3182 parata
1112 3105 1192 3178 sunt,

91 3232 153 3278 non
176 3231 268 3296 posse
294 3213 342 3276 diu
365 3231 574 3296 perseverare.

476 3413 646 3479 CAPUT
679 3412 806 3476 XXlll.

90 3558 203 3623 Eorum,
224 3561 268 3628 qui
287 3559 329 3611 vel
347 3561 455 3627 pecunia
474 3561 516 3614 vel
534 3561 629 3614 ambitu
647 3560 774 3628 redempti
790 3558 896 3624 luerint,
920 3559 1012 3612 fluxam
1030 3559 1105 3611 {idem
1123 3573 1190 3611 esre.

184 3682 254 3748 117.
300 3685 373 3758 Oanis
402 3685 493 3768 igitur
521 3687 570 3749 vel
593 3686 677 3765 illos,
711 3685 760 3766 qui
784 3684 910 3766 pecunia
932 3683 969 3746 ad
991 3682 1191 3748 obedientiam

91 3797 294 3879 redimuntur,
330 3799 378 3861 vel
401 3817 473 3880 cos,
508 3801 558 3881 qui
588 3799 793 3863 adsentatione
825 3800 1000 3879 invitantur,
1036 3797 1111 3860 fidos
1134 3795 1191 3860 sibi

91 3913 279 3976 arbitretur?
324 3914 397 3977 Nam
421 3920 450 3977 et
472 3914 514 3976 illi
537 3913 711 3996 frequenter
741 3933 776 3978 se
799 3914 933 3977 vendere
965 3911 1068 3976 volunt
1090 3919 1120 3974 et
1142 3911 1190 3974 isti

165 4154 192 4220 1)
212 4154 238 4208 2.
256 4154 320 4226 lleg.
341 4155 383 4223 18,
401 4158 426 4208 5.

145 4254 308 4306 Auuaosrur.
