2692 4666
129 373 171 441 10
634 369 711 423 vrrs

128 531 273 602 horresco
296 530 451 608 relerensr
483 532 582 596 subito
613 530 691 594 enim
722 529 906 613 praecipitati
936 528 974 591 de
995 527 1088 592 rheda
1109 527 1221 592 animas

127 646 291 720 emiserunt
333 652 424 727 atque
469 662 597 727 corpora
646 645 761 707 illorurn
798 643 968 725 sepulturae
1004 648 1072 706 sunt
1108 642 1221 706 tradita.

127 761 251 826 Sanctus
276 779 348 823 vero
365 761 540 823 Ambrosius
562 777 628 821 cum
641 749 806 841 *ignoraret
829 756 900 838 quid
915 755 1024 820 lactum
1045 763 1138 836 esset,
1161 774 1219 818 neo

127 875 235 941 diutius
257 880 359 955 posset
381 873 498 955 plebem
519 880 634 951 tenere,
659 872 824 935 ascendens
840 890 896 953 pro
912 871 1047 934 tribunali
1062 872 1101 934 de
1117 869 1221 932 eadem

127 991 312 1070 quaestione,
334 1006 412 1070 quae
435 987 532 1050 iuerat
553 987 724 1068 proposita,
754 1003 923 1048 sermonem
948 986 1074 1048 adorsus
1106 990 1152 1048 est
1173 983 1221 1045 di-

126 1120 216 1166 cens:
238 1101 393 1178 Debitum,
414 1103 544 1182 fratres,
569 1117 645 1163 curo
667 1100 857 1176 soluendam,
880 1099 937 1162 sed
959 1099 1119 1163 beaterrws
1137 1117 1223 1161 meos

126 1236 201 1282 non
214 1217 339 1281 incenia
363 1216 546 1292 creditores,
571 1215 746 1296 etreliqua,
770 1232 847 1297 quae
869 1213 978 1295 scripta
1001 1213 1116 1276 suntin
1134 1212 1220 1294 libro,

127 1333 178 1413 qui
200 1333 238 1394 de
261 1333 480 1394 incar-actione
503 1331 622 1394 domiai
644 1331 783 1394 titulatur.

215 1439 264 1507 19.
309 1442 418 1506 Occiso
450 1443 550 1525 itaque
573 1443 729 1533 Gratiano
745 1444 926 1523 imperatore
956 1443 1117 1525 recipiendi
1146 1461 1221 1506 cor-

127 1557 209 1639 poris
232 1558 297 1618 eius
320 1574 411 1619 causa
434 1556 595 1620 secundam
626 1555 663 1618 ad
686 1556 843 1621 Maximum
873 1558 1005 1636 suscepit
1032 1556 1220 1637 legationem.

126 1667 214 1749 Apud
247 1685 333 1748 quern
368 1687 453 1749 quam
477 1675 649 1731 constanter
671 1669 768 1750 egerit
790 1669 840 1750 qui
869 1670 999 1732 voluerit
1022 1687 1221 1752 cognoscere,

36 1826 39 1832 -
126 1780 219 1861 ipsius
250 1780 411 1863 legationis
435 1782 588 1863 epistulam
618 1781 655 1845 ad
678 1781 914 1845 Valentinianum
946 1782 1091 1847 iuniorem
1125 1784 1222 1845 datam

125 1909 192 1954 oum
214 1891 331 1973 legerit,
362 1893 555 1974 approbabit;
587 1892 674 1961 nohis
707 1893 784 1956 enim
816 1893 945 1956 alienum
974 1914 991 1956 a
1021 1897 1220 1977 promissione

126 2006 221 2069 visum
250 2014 297 2070 est
331 2005 409 2069 illam
444 2007 597 2084 inserere,
630 2024 670 2068 ne
702 2004 858 2068 adiunctae
890 2008 1035 2088 epistulae
1064 2010 1221 2090 prolixitas

126 2118 272 2182 fastidium
301 2119 415 2201 legenti
441 2119 582 2182 adferret.
627 2119 725 2203 ipsum
757 2138 833 2183 vero
861 2119 1020 2184 Maximum
1043 2141 1060 2184 a
1083 2142 1220 2188 commu·

125 2234 223 2298 niouis
245 2233 399 2297 consortio
421 2233 597 2316 segregavit
625 2232 789 2296 admonens
821 2242 851 2296 ut
873 2233 959 2297 effusi
982 2239 1136 2320 sanguinis
1159 2238 1219 2302 do-

126 2350 196 2413 mini
217 2352 264 2414 sui
280 2356 327 2430 et,
348 2348 428 2430 quod
452 2355 499 2412 cst
521 2350 653 2433 gravius,
685 2350 854 2413 innocentis
876 2357 981 2433 ageret
1002 2353 1220 2433 paenitentiam,

126 2464 151 2527 si
176 2464 233 2527 sibi
255 2463 333 2546 apud
357 2461 446 2526 deum
461 2462 553 2526 vellet
575 2481 644 2528 esse
667 2464 844 2530 consultum.
884 2464 943 2528 Sed
966 2466 1015 2528 ille
1030 2485 1098 2530 curn
1111 2469 1220 2548 paeni-

125 2578 244 2641 tentiam
280 2577 408 2641 declinat
441 2578 588 2659 superbus
611 2578 737 2659 spiritu,
771 2596 833 2641 non
863 2579 960 2642 solum
983 2579 1127 2660 futuram,
1163 2581 1218 2643 sed

125 2693 213 2759 ctiam
234 2698 423 2773 praesentem
445 2691 572 2754 salutem
594 2692 689 2757 amisit
712 2701 742 2755 et
764 2711 909 2776 regnum,
939 2694 1018 2776 quod
1042 2695 1117 2759 male
1138 2696 1218 2758 arri-

126 2812 242 2887 puerat,
266 2805 395 2870 lemineo
411 2804 630 2886 quodammodo
652 2807 760 2869 timore
780 2806 926 2888 deposuit,
950 2815 981 2871 ut
996 2815 1218 2890 procuratorem

124 2919 337 3001 reipublicae,
359 2936 419 2983 non
442 2920 652 3000 imperatorem
674 2918 767 2984 luisse
790 2920 991 2987 confiteretur.

214 3031 265 3098 20.
309 3033 428 3097 Mortua
452 3052 527 3098 vero
549 3033 660 3098 lustina
690 3034 808 3115 quidam
832 3035 998 3118 haruspex,
1029 3037 1219 3100 Innocentius

125 3148 255 3228 nomine,
279 3153 451 3213 nontamen
475 3166 578 3231 opere,
601 3167 667 3213 curn
690 3150 720 3211 in
742 3167 834 3213 causa
856 3150 1064 3213 maleficiorum
1086 3169 1103 3213 a
1122 3150 1220 3213 iudice

125 3269 334 3345 torqueretur,
356 3262 444 3342 aliud,
468 3281 555 3344 quam
577 3264 815 3347 interrogabatur
837 3263 923 3328 lateri
938 3267 1053 3346 coepit3
1076 3265 1220 3330 clamabat

126 3379 213 3440 enim>
228 3378 264 3440 ab
288 3378 396 3460 angelo
419 3379 529 3442 maiora
552 3385 699 3443 tormenta
720 3379 777 3442 sibi
799 3360 932 3442 adhiberi
949 3397 997 3459 eo,
1019 3377 1100 3460 quod
1114 3385 1220 3443 custo-

124 3492 204 3557 diret
225 3493 433 3574 Amhrosium,
467 3497 606 3576 quoniam
636 3495 819 3576 temporibus
846 3495 973 3558 lustinae
1003 3493 1040 3556 ad
1063 3491 1220 3555 excitanda

124 3606 192 3673 odia
222 3607 399 3688 populorum
430 3607 460 3670 in
489 3609 662 3690 episcopum
694 3626 835 3671 cacumen
868 3609 937 3670 tecti
970 3607 1117 3672 ecelesiae
1140 3625 1219 3671 con-

124 3721 273 3785 scendens
296 3722 394 3786 medio
416 3724 517 3793 noctis¹
535 3724 755 3787 sacrificaverit.
794 3721 852 3788 Sed
876 3728 986 3803 quanto
1009 3722 1166 3785 instantius
1188 3727 1219 3785 et

123 3836 279 3900 sollicitius
308 3854 400 3918 opera
423 3835 551 3920 maligna
573 3836 744 3913 exercebat,
781 3841 861 3898 tanto
884 3836 979 3918 magis
1002 3852 1086 3898 amor
1117 3833 1219 3915 populi

124 3948 204 4012 circa
237 3948 324 4013 hdcru
354 3949 530 4014 catholicam
560 3954 591 4012 et
622 3947 733 4012 domini
763 3948 949 4041 sacerdotem
979 3949 1217 4012 convalescebat

122 4061 240 4125 blisisse
263 4064 349 4126 etiam
372 4081 407 4126 sc
430 4063 602 4141 daemones,
625 4061 676 4143 qui
698 4061 777 4124 illurn
799 4062 1035 4141 internecarent,
1059 4061 1217 4142 fatebatur,

123 4175 176 4238 sed
201 4175 362 4240 daemones
385 4176 572 4238 renuntiasse
595 4193 629 4237 se
652 4175 770 4238 minime
792 4193 851 4239 non
876 4175 972 4254 solum
995 4175 1031 4238 ad
1048 4176 1143 4258 ipsum
1159 4177 1215 4240 ad·
