2692 4666
374 342 420 399 DE
438 342 573 399 orliens
591 342 813 399 ninistttontln
830 342 928 397 LIBER
945 343 965 398 1.
1170 343 1212 410 63

211 505 262 574 89.
305 509 436 573 Humiles
460 527 530 573 esse
552 509 652 588 decet,
674 509 773 588 mites,
796 514 982 587 mansuetos,
1006 522 1132 590 graves,
1154 525 1212 588 pa-

119 623 247 703 tientes,
278 623 397 687 modum
419 630 523 686 tenere
545 622 575 686 in
599 622 749 701 omnibus,
777 628 811 684 ut
833 621 944 684 nullum
965 622 1066 685 vitium
1088 637 1158 684 esse
1181 620 1211 684 in

121 738 254 801 moribus
276 738 326 833 vel
347 739 452 802 tacitus
474 738 572 801 vultus
594 738 643 801 vel
667 756 765 802 sermo
789 737 948 802 adnuntiet.

519 987 690 1057 CAPUT
722 991 816 1057 XXI.

121 1155 287 1222 iracundiam,
305 1158 446 1225 priusquam
466 1155 567 1220 oriatur,
587 1156 804 1223 praecavendam
823 1158 845 1209 si
864 1155 952 1208 oborta
968 1155 1052 1224 luerit,
1070 1157 1211 1225 reprimen-

121 1246 180 1299 dam
205 1262 235 1298 ac
258 1244 434 1313 mitigandam
459 1244 480 1294 si
503 1259 551 1295 nec
576 1243 601 1295 id
627 1244 732 1314 adsequi
756 1244 925 1310 valuerimus,
951 1242 1062 1313 linguan
1085 1244 1174 1297 saltem
1197 1260 1213 1296 a

121 1334 243 1387 conviciis
262 1331 438 1397 coercendam,
458 1339 486 1383 ιιι
503 1334 551 1383 sint
568 1340 651 1384 motus
667 1334 746 1385 nostri
758 1332 890 1400 puerilium
902 1333 1097 1385 commotionum
1108 1331 1212 1384 similes.

120 1421 223 1474 Dictum
242 1420 371 1488 Archytae
388 1428 542 1472 memoratur
559 1421 750 1490 ostenditurque
769 1419 893 1472 Davidem
912 1421 961 1488 ipsi
978 1419 1026 1471 hac
1043 1420 1069 1471 iu
1087 1435 1116 1472 re
1140 1419 1213 1472 lactis

515 1516 541 1559 ct
560 1510 657 1577 scriptis
674 1510 820 1577 praeivisse.

209 1651 259 1719 90.
305 1651 449 1716 caveatur
477 1651 628 1715 iracundia
658 1659 725 1731 aut,
756 1652 782 1716 si
810 1652 985 1734 praecaveri
1013 1668 1074 1714 non
1104 1656 1213 1733 potest,

121 1765 312 1841 cohibeatur3
342 1765 416 1826 mala
447 1765 524 1827 enim
554 1764 635 1826 inlex
657 1765 770 1845 peccati
793 1764 956 1849 indignatio
980 1773 1042 1847 cst,
1074 1785 1150 1848 quac
1173 1766 1213 1829 ita
1324 1751 1329 1761 ’

121 1881 250 1944 animum
270 1878 439 1961 perturbat,
472 1884 504 1939 ut
534 1877 641 1940 rationi
671 1895 731 1940 non
761 1878 907 1959 relinquat
936 1878 1042 1942 locum.
1085 1879 1213 1941 Primum

120 2001 168 2059 est
191 1995 295 2078 igitur,
320 1994 346 2056 si
367 1992 431 2055 lieri
454 1999 569 2074 potest,
592 1998 624 2054 ιιι
646 2010 761 2055 morum
783 1992 974 2074 tranquillitas
996 2010 1052 2056 usu
1075 1992 1212 2075 quodam,
1240 2043 1244 2048 .

120 2109 297 2186 allectione,
326 2108 499 2189 proposito,
531 2107 560 2167 in
590 2113 724 2169 naturam
750 2113 892 2170 vertatur.
937 2107 1052 2170 Deinde
1075 2108 1213 2189 quoniam

120 2225 159 2287 ita
183 2223 357 2305 plerumque
378 2227 475 2284 motus
498 2219 606 2283 infixus
629 2227 676 2283 est
698 2226 820 2284 naturae
842 2238 878 2283 ac
900 2221 1048 2301 moribus,
1071 2229 1103 2284 ut
1125 2221 1213 2284 evelli

121 2346 211 2420 atque
233 2337 338 2401 evitari
359 2354 420 2399 non
443 2342 546 2418 queat,
571 2336 597 2398 si
618 2336 786 2416 praevideri
807 2337 951 2418 potuerit,
974 2339 1089 2401 ratione
1112 2337 1213 2419 repri-

120 2461 226 2517 matur.
270 2451 331 2515 Aut
357 2452 384 2516 si
405 2451 487 2533 prius
511 2456 672 2532 occupatus
695 2448 784 2513 luerit
806 2452 919 2514 animus
942 2451 978 2514 ab
1000 2450 1213 2533 indignatione,

121 2586 209 2650 quam
237 2566 360 2630 consilio
386 2565 517 2648 prospici
538 2582 573 2627 ac
594 2563 747 2647 provideri
769 2565 915 2645 potuerit,
945 2583 983 2629 ue
1007 2572 1213 2647 occuparetur,

119 2681 265 2747 meditare
295 2679 445 2763 quomodo
475 2685 583 2743 motum
605 2678 693 2741 animi
715 2678 757 2741 tui
779 2679 900 2758 vincas,
930 2678 1119 2747 iracundiam
1133 2685 1211 2742 ιθιιι-

120 2814 222 2877 peres
271 2794 388 2859 Resiste
419 2795 500 2872 irae,
532 2793 558 2856 si
589 2798 694 2872 potes;
728 2790 820 2872 cede,
853 2794 879 2855 si
911 2811 976 2856 non
1005 2798 1109 2874 potes,
1143 2792 1213 2874 quia

120 2910 263 2992 scriptum
285 2917 348 2974 est:
369 2905 397 2991 ¹)
421 2907 501 2970 Date
523 2907 625 2971 locum
646 2907 726 2971 irae.

209 3021 259 3089 91.
297 3023 385 3087 iacob
408 3022 492 3085 fratri
514 3021 679 3104 indignanti
701 3021 750 3104 pie
773 3022 864 3084 cessit
881 3027 910 3083 et
925 3019 1089 3102 Rebeccae,
1112 3021 1212 3103 idest,

119 3139 281 3221 patientiae
317 3139 477 3201 instructus
513 3136 640 3200 consilio
679 3136 786 3200 abesse
820 3136 920 3198 maluit
954 3144 983 3198 et
1015 3136 1213 3219 peregrinari,

121 3271 210 3336 quam
231 3253 363 3318 excitare
387 3250 485 3315 fratris
500 3250 731 3335 indignationem
748 3259 778 3314 ct
794 3258 863 3314 tune
878 3249 988 3331 redire,
1011 3271 1077 3314 cum
1092 3249 1213 3316 fratrem

120 3367 282 3451 mitigatum
304 3370 427 3448 putaret.
442 3362 473 3449 ²)
512 3365 548 3428 m
570 3365 639 3429 ideo
662 3372 770 3429 tantam
791 3365 870 3446 apud
892 3363 980 3429 deum
1002 3368 1115 3430 invenit
1135 3385 1212 3450 gra·

119 3483 198 3545 fiam
252 3481 364 3556 Quibus
395 3479 503 3543 deinde
534 3481 703 3562 obsequiis,
738 3481 855 3566 quantis
887 3481 1057 3545 muneribus
1091 3479 1212 3543 fratrem

118 3596 217 3678 ipsum
238 3594 441 3660 reconciliavit
461 3595 534 3674 sibi,
564 3600 596 3658 ιιι
624 3595 674 3657 ille
702 3601 878 3676 praereptae
907 3594 1122 3660 benedictionis
1150 3612 1212 3659 non

120 3709 313 3790 meminisset,
335 3711 517 3775 meminisset
540 3709 654 3772 delatae
676 3707 912 3773 satisfactionis?
928 3707 960 3795 ³)

209 3822 260 3889 92.
296 3823 379 3909 Ergo
402 3825 428 3888 si
448 3824 640 3906 praevenerit
662 3829 692 3886 et
709 3826 974 3906 praeoccupaverit
991 3831 1118 3888 mentem
1133 3830 1212 3887 tuam

119 3938 271 4004 iracundia
305 3945 336 4001 et
368 3939 538 4005 ascenderit
570 3938 600 4001 in
634 3944 681 4018 tc,
718 3956 779 4002 non
811 3938 962 4020 relinquas
993 3940 1090 4006 locum
1120 3947 1211 4004 tuum.

192 4181 220 4249 l)
238 4181 310 4237 Rom.
331 4181 373 4250 12,
393 4181 433 4235 19.
504 4181 533 4248 2)
553 4180 614 4235 Gen.
633 4180 676 4248 27,
696 4181 731 4236 42
747 4199 801 4254 usq.
872 4183 901 4250 9)
919 4181 982 4237 nin
1001 4181 1044 4251 ³2,
1063 4182 1078 4236 3
1096 4201 1149 4255 seq.
