2692 4666
94 294 134 359 lp
170 338 174 346 ,
544 283 740 338 rasennam.

95 463 246 531 tractanda
273 462 483 545 versandoque
512 463 654 546 negotia:
688 461 818 544 denique
848 464 957 526 nullum
986 467 1064 530 vitae
1095 487 1192 550 genus

95 592 236 656 intactum
266 586 424 669 relinquit,
459 586 545 650 Tullii
575 586 711 669 vestigiis
740 588 866 669 egregie
897 588 1047 650 insistens.
1091 590 1123 653 ln
1147 591 1192 654 his

96 716 193 780 autem
218 712 357 778 omnibus
381 710 532 774 tradendis
555 709 822 791 adstruendisque,
852 713 945 774 sacris
969 711 1119 774 dumtaxat
1142 713 1192 775 ille

95 841 177 903 veris
201 845 230 899 et
254 837 376 919 cognitu
398 834 579 897 necessariis
604 835 695 894 utitur
718 834 894 915 exeniplis.“

183 962 246 1024 Hoc
281 961 397 1023 unicum
434 957 548 1020 ethicae
583 956 767 1020 Christianae
802 959 1006 1038 enchiridion,
1041 960 1120 1041 quod
1154 980 1193 1023 ex

97 1085 307 1167 antiquissimis
331 1082 515 1162 temporibus
539 1080 575 1142 ad
600 1098 655 1143 nes
679 1081 813 1161 pervenit
839 1089 949 1161 quanto
973 1083 1011 1144 sit
1030 1082 1193 1144 inhonore

96 1209 224 1273 habitum
263 1205 360 1268 medic
398 1221 495 1282 aevo,
523 1193 610 1266 'satis
648 1192 796 1266 testantur
836 1203 923 1266 huius
965 1203 1031 1265 libri
1072 1206 1193 1269 codices

96 1350 184 1393 manu
208 1330 326 1410 scripti,
360 1328 410 1409 qui
438 1327 468 1387 in
493 1325 583 1387 variis
606 1323 794 1386 bibliothecis
817 1323 968 1403 hodieque
991 1336 1192 1391 asservantur.

96 1453 197 1533 ltaque
221 1449 329 1513 iactum
352 1455 416 1526 est,
439 1453 471 1508 ut
494 1447 580 1507 etiam
604 1451 672 1527 post
694 1446 842 1508 inventam
866 1447 1092 1528 typographiam
1115 1451 1192 1512 idern

51 1618 56 1629 -
97 1594 173 1659 opus
203 1572 330 1638 saeculis
353 1570 416 1632 XV.
439 1567 513 1630 XVI.
542 1573 572 1629 et
594 1566 681 1631 XVll.
712 1568 831 1647 saepius
863 1569 990 1629 seorsim
1022 1573 1101 1652 typis
1134 1590 1193 1635 ex-

96 1699 288 1762 scriberetur.
334 1691 465 1756 Tandem
497 1696 564 1772 pnst
593 1688 716 1770 longam
740 1690 882 1770 temporis
905 1690 1091 1754 intervallum
1115 1713 1193 1758 anno

100 1817 182 1885 1839
206 1819 324 1901 Lipsiae
346 1833 453 1879 novam
479 1811 638 1875 editionem
662 1813 776 1892 paravit
800 1811 833 1873 R.
858 1811 894 1875 Ο.
917 1812 1076 1878 Gilbertus.

185 1941 242 2016 Qui
273 1958 340 2001 curn
371 1937 505 2001 inlibris
528 1954 615 1999 manu
640 1937 788 2015 exaratis,
821 1954 897 2017 quos
921 1938 1067 2019 inspexit,
1099 1942 1193 2005 altero

98 2063 273 2142 Dresdensi,
297 2062 391 2125 altero
417 2059 573 2139 Gethone,
599 2066 728 2140 utroque
750 2061 927 2124 recentioris
951 2064 1055 2126 aetatis
1078 2083 1113 2128 ac
1137 2066 1194 2126 dc-

99 2188 220 2250 terioris
243 2193 341 2265 notae,
366 2185 402 2247 ad
423 2191 534 2248 textum
552 2182 767 2267 emendandum
783 2202 887 2265 parum
903 2185 1069 2249 invenisset
1084 2187 1194 2266 auxilii,

100 2310 300 2373 biaurinorum
324 2311 534 2372 recensionem
557 2309 682 2370 maxima
705 2294 747 2370 ex
769 2314 854 2388 parte
874 2309 1058 2370 retinendam
1074 2312 1194 2390 putavit.

187 2431 246 2496 Sed
276 2431 333 2494 tale
364 2432 477 2514 ingenii
508 2438 726 2495 monumentum
757 2431 867 2495 tamdiu
897 2431 927 2494 in
956 2432 1143 2496 librariorum
1167 2441 1196 2496 et
1247 2416 1251 2423 ⁴

93 2531 345 2638 ,interpolatorum
368 2556 507 2619 sordibus
531 2558 631 2619 iacere
655 2574 721 2619 cum
744 2556 870 2619 moleste
893 2555 1042 2635 tulissem,
1075 2576 1196 2638 operam

88 2679 179 2755 dedi,
197 2685 228 2740 ut
243 2687 385 2759 apparatu
401 2680 505 2742 critico
522 2681 690 2760 conquisito
707 2680 863 2762 scriptoris
878 2685 991 2742 textum
1008 2679 1043 2741 ad
1061 2680 1195 2743 codicum

100 2801 256 2882 hueusque
285 2801 416 2865 nondum
447 2801 621 2864 collatorum
654 2802 890 2883 optimorumque
920 2802 1081 2865 editionum
1108 2802 1196 2864 fidem

100 2921 200 2986 denuc
233 2939 486 3005 recognoscerem
522 2932 552 2987 et
586 2924 819 2988 emendatiorem
856 2933 945 3006 atque
981 2927 1195 2988 accuratiorem

72 3030 74 3034 ’
100 3047 322 3110 constituerem.

187 3171 340 3251 Exponam
364 3189 443 3234 nunc
465 3171 504 3233 de
527 3171 666 3236 subsidiis
690 3172 809 3252 criticis,
832 3173 940 3255 quibus
964 3189 1036 3236 usus
1060 3190 1133 3236 sum.

638 3431 658 3494 1.

390 3585 519 3659 dodicm
541 3587 583 3658 od
605 3587 771 3659 Paulinum
793 3587 914 3659 collati.

101 3783 128 3848 Α
153 3783 276 3845 :Lat
301 3782 416 3846 Monac.
444 3780 559 3864 raiol,
585 3784 653 3848 olim
677 3783 839 3847 Priilleosis
862 3784 913 3846 Νι.
937 3779 976 3863 4.,
1001 3784 1197 3847 membranae.

211 3904 295 3969 Sacc.
319 3904 354 3967 X.
378 3904 428 3967 vel
451 3904 509 3986 xi,
534 3905 629 3969 forma
654 3906 805 3989 quadrata,
830 3905 908 3983 loliis
935 3903 1005 3971 156.
1051 3907 1197 3970 Praemit-

210 4028 280 4095 titur
295 4027 486 4114 Smarapdar
503 4029 604 4093 Abbas
624 4029 662 4092 de
678 4029 805 4094 diversis
822 4030 986 4093 virtutibus.
1026 4029 1197 4115 Sequuntur
