2692 4666
174 335 219 400 m
624 333 824 391 &ssmffl

174 495 302 560 volentis
324 512 359 559 se
381 496 485 579 magis,
508 514 595 578 quam
618 496 759 578 sapientis
784 497 888 562 credat
910 496 1046 578 consilio,
1068 504 1101 562 ut
1122 496 1229 579 David,
1245 496 1275 582 ¹)

174 627 240 672 cum
263 615 345 672 esset
373 607 567 690 prudentior,
598 609 739 672 lonathae
768 615 866 671 tamen
898 609 1023 673 iunioris
1053 612 1189 676 consiliis
1217 611 1275 676 ad·

174 722 353 804 quiescebat.
398 721 482 784 Tolle
513 741 552 785 ex
579 739 637 785 usu
665 722 815 785 hominum
844 722 1094 802 benivolentiam,
1127 730 1275 805 tamquam

173 837 269 900 solem
292 854 310 898 e
332 836 443 899 mundo
465 836 586 915 tuleris,
618 836 659 898 ita
681 838 753 915 erit,
786 837 854 917 quia
877 837 944 898 sine
967 855 1003 899 ea
1026 853 1100 900 usus
1123 836 1275 900 hominum

175 966 245 1012 esse
273 966 334 1012 non
357 955 472 1030 potest,
502 955 535 1012 ut
562 950 766 1032 peregrinanti
800 958 968 1013 monstrare
1000 949 1094 1029 viam,
1127 967 1275 1015 revocare

174 1067 338 1139 errantem,
365 1060 485 1123 deleme
507 1062 665 1142 hospitium
690 1056 771 1145 [non
794 1062 884 1144 igitur
907 1061 1067 1125 mediocris
1090 1062 1204 1143 virtus,
1237 1062 1275 1125 de
1329 1090 1334 1102 ·

174 1193 232 1254 qua
255 1174 311 1236 sibi
332 1172 491 1256 plaudebat
512 1173 565 1236 lob
589 1173 691 1235 dicens
707 1169 758 1255 Ὃκ
785 1173 880 1235 Foris
904 1183 1006 1238 autera
1027 1192 1091 1235 aon
1113 1173 1277 1238 habitabat

173 1288 307 1366 hospes,
339 1287 436 1349 ianua
457 1305 526 1347 mco
550 1287 632 1347 oanni
653 1286 789 1347 venienti
807 1286 972 1364 patebat),
1004 1304 1111 1368 aquam
1134 1286 1174 1350 de
1197 1305 1275 1369 aqua

173 1399 333 1482 profluenti
356 1398 438 1479 dare,
460 1399 559 1461 lumen
582 1398 753 1462 delumine
777 1398 952 1463 accendere.
992 1400 1198 1464 Benivolentia
1212 1402 1273 1465 ita-

174 1531 235 1596 que
257 1514 287 1575 in
309 1513 354 1575 his
377 1518 423 1574 est
438 1512 574 1576 omnibus
591 1520 738 1594 tamquam
755 1511 822 1574 fons
838 1529 934 1594 aquae
950 1513 1087 1576 reficiam
1104 1514 1274 1592 sitientem

173 1633 321 1706 amquam
349 1626 464 1706 lumen,
496 1625 576 1706 quod
607 1628 693 1690 etiam
724 1628 753 1689 in
784 1626 847 1689 aliis
878 1628 992 1707 luccat,
1025 1645 1083 1690 nec
1113 1628 1156 1690 illi
1187 1628 1278 1710 desit,
1308 1712 1311 1717 Ι

176 1740 225 1820 qui
249 1738 287 1800 de
310 1756 366 1801 suo
387 1739 497 1803 lumine
520 1739 568 1801 alii
590 1739 689 1801 lumen
711 1738 891 1802 accenderit.

265 1849 335 1916 168.
379 1851 433 1913 Est
455 1853 542 1915 etiam
565 1853 615 1915 illa
637 1851 857 1917 benivolentiae
879 1851 1052 1932 liberalitas,
1079 1860 1121 1933 ut,
1144 1853 1170 1917 si
1193 1852 1276 1935 quod

175 1966 269 2029 habes
291 1965 433 2029 debitoris
456 1966 698 2049 chirographum,
723 1966 864 2029 scindens
886 1967 1038 2046 restituas,
1060 1966 1132 2029 nihil
1151 1985 1168 2029 a
1185 1967 1275 2030 debi-

175 2086 242 2143 tore
264 2085 444 2141 consecutus
469 2079 568 2142 debiti.
614 2078 701 2152 Quod
725 2078 863 2160 exemplo
881 2079 933 2147 ‚sui
957 2077 1059 2141 iacere
1080 2095 1137 2141 nos
1161 2076 1275 2143 debere

174 2190 226 2254 lob
249 2197 371 2254 sanctus
394 2190 541 2254 admonet.
558 2189 591 2274 ³)
637 2191 711 2252 Nam
734 2191 784 2271 qui
807 2190 912 2269 habet,
942 2208 1002 2253 non
1025 2196 1191 2268 mutuatur;
1224 2192 1275 2273 qui

175 2321 236 2366 non
259 2303 358 2383 hahet,
380 2321 443 2367 non
463 2306 568 2367 liberat
590 2305 798 2388 syngrapham.
837 2304 913 2378 Quid
936 2305 1035 2391 igitur,
1059 2305 1188 2367 etiamsi
1209 2306 1274 2386 ipso

175 2435 237 2479 uon
260 2417 365 2500 exigas
387 2436 513 2498 avarus,
536 2419 680 2482 malivolis
703 2416 864 2481 heredibus
887 2434 1046 2497 reservas,
1077 2436 1164 2500 quam
1186 2423 1274 2500 potes

176 2548 243 2592 cum
275 2530 493 2594 benivolentiae
524 2538 593 2593 tuae
620 2529 708 2592 laude
737 2530 803 2592 sine
833 2528 940 2591 damno
971 2527 1116 2609 pecuniae
1145 2546 1274 2610 reprae-

175 2643 323 2707 eantare?

267 2753 336 2820 169.
381 2756 496 2838 Atque,
519 2764 552 2834 ut
572 2756 688 2839 plenius
713 2756 920 2836 discutiamus,
950 2754 1153 2823 benivolentia
1173 2771 1193 2816 a
1214 2752 1274 2827 do-

175 2869 305 2933 mesticis
328 2870 452 2950 primum
473 2869 609 2952 proiecta
632 2873 789 2952 personis',
812 2870 841 2933 id
865 2878 928 2952 est,
951 2869 1065 2949 aldiis,
1089 2866 1272 2951 parentibus,

175 2980 324 3063 inanibus,
348 3003 402 3065 per
425 2986 665 3049 coniunctionum
689 2985 800 3068 gradm
824 2987 854 3048 in
878 2985 1028 3049 civitatum
1051 2981 1190 3064 pervenit
1207 2998 1274 3042 am·

175 3097 267 3158 bitum
290 3103 320 3158 et
344 3096 381 3159 de
404 3099 541 3178 paradiso
565 3118 690 3182 egressa
712 3100 852 3163 mundum
875 3099 1013 3180 replevit.
1051 3097 1191 3176 Denique
1207 3110 1274 3157 cnm

174 3209 205 3271 in
221 3208 286 3270 viro
304 3213 334 3270 et
348 3207 457 3270 femina
472 3211 692 3274 benivolentem
708 3211 782 3274 deus
797 3210 948 3292 posuisset
963 3207 1112 3287 affectum,
1135 3208 1228 3271 dixit:
1241 3203 1274 3290 ⁴)

175 3322 279 3384 Erant
301 3321 390 3383 ambo
413 3322 447 3383 io
468 3341 534 3384 aaa
555 3341 652 3385 earne
666 3328 705 3387 et
727 3323 756 3384 in
780 3339 840 3385 uno
862 3321 974 3401 spiritu.
1004 3319 1096 3384 ¹Unde
1114 3318 1179 3382 Eva
1203 3336 1275 3382 ser-

175 3436 257 3518 penti
291 3434 435 3515 credidit,
468 3438 607 3518 quoniam
641 3455 719 3518 qnae
750 3436 982 3499 benivolentiam
1012 3438 1172 3516 acceperat
1204 3447 1276 3495 esse

175 3548 403 3612 malivolentiam
425 3565 486 3611 non
514 3551 698 3631 opinabatur.

248 3812 1271 3887 nfflQQst2fflmffl2aefflmffim.0m

175 3904 202 3970 2,
221 3903 262 3959 24.
