2692 4666
321 305 367 361 DE
386 306 520 362 osricus
540 305 762 362 nnttsrnolttth
779 306 876 364 LIBER
893 308 912 363 l.
1123 313 1163 378 53

71 471 202 554 populus
225 475 355 554 spectat,
386 469 482 534 adhuc
505 471 631 536 athletae
654 472 685 533 in
707 476 864 534 scammate
886 480 970 552 sunt,
1003 479 1034 535 et
1055 478 1087 534 tu
1108 472 1164 536 iarn

73 588 165 650 otium
190 586 295 669 petis?

160 695 211 764 60.
256 699 315 764 Sed
330 697 409 763 forte
425 699 522 763 dicas:
546 699 605 765 Gur
619 701 698 783 impii
719 692 878 781 laetantui,
901 719 956 765 cur
969 701 1165 781 luxuriantur,

71 833 128 878 cur
150 814 237 877 etiam
257 815 315 896 ipsi
337 832 398 876 non
420 833 536 878 mecum
560 815 721 878 laborant?
766 816 911 890 Quoniam
934 815 984 897 qui
1007 832 1067 878 non
1089 815 1165 877 sub-

73 927 250 1011 scripserint
272 930 311 992 ad
333 946 493 1008 coronam,
523 947 583 991 non
606 935 745 992 tenentur
767 927 802 991 ad
825 930 957 992 laborem
981 929 1148 992 certaminis
1155 951 1164 1007 3

72 1042 122 1124 qui
141 1043 172 1105 in
191 1040 314 1105 stadium
333 1060 393 1106 non
413 1041 631 1122 descenderint,
655 1060 716 1105 non
739 1060 773 1105 se
794 1041 976 1124 perfundunt
999 1043 1079 1123 oleo,
1102 1061 1163 1105 non

73 1156 206 1221 oblinunt
227 1156 359 1237 pulvere.
404 1157 486 1231 Quos
510 1163 607 1219 manet
629 1158 741 1240 gloria,
765 1163 918 1238 exspectat
940 1158 1054 1220 iniuria.
1099 1156 1165 1218 Un-

71 1272 205 1355 guentati
228 1278 365 1352 spectare
388 1270 502 1350 solent,
533 1288 593 1334 non
616 1269 790 1346 decertare3
827 1288 887 1333 non
913 1270 1025 1349 solem,
1056 1277 1166 1352 aestus,

71 1387 227 1469 pulverem
261 1387 431 1467 imbresque
464 1387 589 1467 perpeti.
634 1386 740 1447 Dicant
768 1403 843 1468 ergo
867 1391 897 1448 et
918 1386 990 1466 ipsis
1023 1384 1165 1448 athletae:

71 1501 189 1580 Venite,
206 1501 360 1564 nobiscum
379 1500 520 1563 laborate.
558 1498 617 1564 Sed
633 1500 860 1581 respondebunt
878 1507 1078 1582 spectatores:
1103 1499 1166 1562 Nos

71 1616 121 1679 hic
135 1615 251 1678 interim
267 1614 305 1677 de
321 1615 407 1678 vobis
422 1615 601 1692 iudicamus3
625 1633 680 1678 vos
704 1622 801 1678 autem
824 1616 889 1678 sine
912 1614 1000 1678 nobis
1024 1631 1165 1693 coronae,

72 1729 100 1793 si
121 1729 268 1808 viceritis,
291 1729 417 1812 gloriam
440 1728 630 1792 vindicabitis.

161 1839 211 1907 61.
256 1842 306 1904 lsti
328 1842 434 1924 igitur,
458 1843 508 1924 qui
530 1844 560 1906 in
583 1842 712 1923 deliciis,
744 1844 794 1925 qui
825 1845 855 1905 in
881 1842 1015 1922 luxuria,
1045 1841 1166 1924 rapinis,

72 1956 261 2038 quaestibus,
284 1956 448 2019 honoribus
470 1957 566 2020 studia
590 1965 756 2039 posuerunt
771 1975 840 2037 sua,
865 1965 1049 2038 spectatores
1071 1959 1166 2041 magis

72 2078 159 2151 sunt,
182 2090 269 2152 quam
291 2071 497 2153 proeliatores.
535 2073 651 2136 Habent
665 2074 778 2136 lucrum
801 2074 929 2152 laboris,
952 2071 1078 2136 fructum
1101 2073 1166 2136 vir-

71 2187 142 2250 tutis
172 2204 234 2250 non
262 2185 379 2251 habent.
424 2188 539 2250 Fovent
572 2190 678 2268 otium,
711 2190 816 2251 astutia
839 2197 868 2252 ct
899 2190 1077 2270 inprobitate
1107 2208 1166 2272 ag-

69 2310 178 2389 gerant
202 2301 367 2366 divitiarum
389 2322 533 2381 acervos;
567 2304 621 2368 sed
645 2305 819 2385 exsolvent,
854 2323 952 2370 seram
983 2306 1070 2384 licet,
1104 2322 1164 2368 ne-

70 2418 182 2501 quitiae
213 2434 287 2480 suae
316 2435 451 2498 poenam.
496 2419 607 2482 Horum
636 2421 757 2500 requies
788 2420 818 2481 in
845 2419 986 2498 insemis,
1009 2423 1059 2480 tua
1089 2435 1164 2480 vero

69 2531 101 2592 in
124 2530 226 2608 caelo;
256 2530 361 2592 horum
385 2529 490 2594 domus
512 2531 542 2592 in
566 2530 741 2614 sepulchro,
765 2538 813 2595 tua
836 2533 866 2594 in
888 2532 1034 2614 paradiso.
1079 2530 1164 2595 Unde

69 2645 195 2729 pulchre
223 2644 348 2728 vigilare
379 2661 434 2707 eos
466 2644 496 2705 in
529 2645 639 2707 tumulo
670 2644 721 2707 lob
754 2642 841 2723 dixit,
860 2641 890 2728 ¹)
925 2645 993 2725 quia
1022 2662 1163 2726 soporem

71 2760 179 2844 quietis
201 2759 314 2822 habere
336 2740 397 2822 non
419 2765 553 2840 possunt,
578 2778 664 2840 quem
681 2759 732 2822 ille
748 2759 895 2840 dormivit,
917 2761 967 2840 qui
988 2761 1162 2822 resurrexit.

160 2871 211 2938 62.
255 2873 323 2936 Noli
352 2874 442 2956 igitur
463 2880 495 2936 ut
516 2875 657 2956 parvulus
688 2893 811 2957 sapere,
843 2882 875 2938 ut
903 2876 1043 2958 parvulus
1072 2876 1163 2957 loqui,

71 2999 103 3055 ut
134 2990 275 3074 parvulus
306 2990 456 3071 cogitare,
489 2996 522 3051 ut
552 2990 692 3072 parvulus
721 2990 872 3054 vindicare
901 3010 952 3071 ea,
987 3010 1063 3072 quae
1095 2997 1165 3054 sunt

70 3105 249 3190 posterioris
279 3107 391 3169 aetatis.
442 3105 644 3169 Perfectorum
679 3113 724 3169 est
757 3125 877 3171 corona.
933 3107 1098 3189 Exspecta,
1132 3114 1163 3171 ut

70 3223 190 3304 veniat,
212 3221 292 3304 quod
315 3221 479 3304 perfectum
497 3228 559 3302 est,
583 3220 701 3302 quando
725 3240 785 3285 non
808 3241 863 3305 per
885 3223 1015 3304 speciem
1030 3223 1060 3284 in
1075 3224 1162 3285 aeni-

71 3345 188 3425 gmate,
210 3335 264 3400 sed
283 3335 359 3401 facie
381 3338 418 3401 ad
438 3337 544 3401 faciem
567 3337 691 3402 sormam
714 3339 806 3419 ipsam
829 3337 1006 3418 redopertae
1029 3336 1162 3400 veritatis

70 3453 171 3538 possis
204 3470 400 3537 cognoscere.
453 3455 536 3516 l'unc
570 3471 628 3535 qua
659 3470 748 3516 causa
779 3452 829 3514 ille
859 3451 943 3514 dives
974 3449 1078 3530 fuerit,
1112 3451 1162 3531 qui

72 3574 137 3633 erat
159 3569 301 3649 inprobus
324 3574 354 3630 et
376 3575 478 3651 raptor
502 3568 607 3648 alieni,
640 3585 696 3649 qua
727 3584 815 3629 causa
843 3574 950 3647 potens
982 3567 1072 3646 alius,
1104 3585 1162 3646 qua

71 3701 161 3748 causa
183 3682 232 3745 ille
255 3681 449 3746 abundaverit
469 3684 580 3763 liberis,
602 3683 653 3745 ille
673 3681 763 3744 fultus
777 3681 951 3760 honoribuS,
974 3680 1160 3744 revelabitur.

160 3794 210 3862 63.
254 3797 393 3861 Fortasse
414 3803 447 3859 ut
469 3796 582 3860 dicatur
603 3795 730 3878 raptori:
761 3794 852 3857 Dives
878 3811 964 3873 eras,
991 3812 1048 3875 qua
1072 3810 1161 3857 causa

73 3913 171 3978 aliena
201 3912 365 3993 rapiebas?
408 3911 536 3996 Egestas
566 3931 627 3977 non
658 3910 812 3996 compulit,
842 3909 939 3994 inopia
962 3926 1022 3974 non
1053 3909 1160 3994 coegit.

72 4069 280 4082 ..ι-*-

143 4158 170 4226 1)
188 4156 241 4211 rou.
259 4156 303 4226 ιι,
321 4155 363 4212 aa.
