2692 4666
320 335 367 389 DE
385 331 521 390 ombus
540 327 764 386 uuustnottttu
780 324 878 383 LIBER
894 326 915 382 1.
1126 324 1165 390 91

439 496 610 603 carun
644 533 814 601 xxxam

67 701 274 756 Benivolentlam
300 703 327 753 in
354 700 467 755 ecclesia
495 700 602 763 maximo
631 707 656 751 et
684 698 822 751 earundem
850 705 894 748 aut
917 695 1028 750 affinium
1051 697 1170 749 virtmum

454 787 599 839 bominibus
616 801 794 855 perseverare.

161 945 232 1011 tto.
277 945 417 1030 Augetur
446 946 648 1010 benivolentia
680 951 769 1009 coetu
799 944 963 1024 ecclesiae,
994 944 1064 1007 lidai
1093 961 1171 1007 con-

69 1060 184 1140 sortio,
214 1058 346 1122 initiandi
369 1061 532 1139 societate,
564 1059 775 1141 percipiendae
797 1059 912 1141 gratiae
941 1057 1171 1136 necessitudine,

70 1173 282 1255 mysteriorum
305 1172 522 1235 communione.
559 1172 641 1235 llaec
665 1172 743 1233 enim
767 1172 853 1234 etiam
877 1170 1090 1251 appellationes
1112 1187 1171 1231 ne-

71 1285 302 1364 cessitudinum,
332 1288 533 1349 reverentiam
562 1286 707 1365 liliorum,
738 1287 943 1349 auctoritatem
976 1291 1006 1344 et
1034 1284 1172 1362 pietatem

70 1405 204 1481 patrum,
236 1399 460 1481 germanitatem
489 1396 613 1460 fratrum
643 1398 699 1459 sibi
729 1396 886 1459 vindicant.
931 1394 1054 1456 Multum
1082 1393 1173 1473 igitur

71 1511 109 1575 ad
134 1510 339 1574 cumulandam
362 1516 477 1592 spectat
498 1511 730 1573 benivolentiam
753 1508 946 1573 necessitudo
968 1505 1094 1590 gratiae.

164 1620 234 1686 171.
279 1623 428 1686 Adiuvant
458 1625 544 1687 etiam
570 1625 684 1706 parium
706 1623 802 1686 studia
827 1623 976 1686 virtutum.
1021 1618 1173 1701 Siquidem

71 1737 275 1803 benivolentia
298 1738 386 1801 etiam
408 1745 524 1800 morunt
547 1737 616 1799 iacit
646 1736 874 1801 similitudinem.
921 1735 1060 1814 Denique
1082 1733 1173 1796 Iona-

72 1851 124 1915 tba
158 1849 237 1913 iilius
268 1851 351 1934 regis
387 1849 552 1912 imitabatur
585 1850 680 1911 sancti
711 1846 808 1911 David
845 1840 1173 1926 mansuetudinem,f¹)

73 1968 199 2044 propter
230 1961 309 2043 quod
341 1960 482 2044 diligebat
510 1979 585 2022 eum.
631 1959 716 2021 Unde
740 1967 769 2021 et
792 1957 879 2021 illud:
897 1957 928 2042 ²)
963 1958 1039 2021 Cam
1060 1966 1172 2021 sancto

73 2083 206 2138 sanctas
235 2075 316 2151 eris,
348 2092 408 2137 non
437 2074 533 2137 solum
560 2073 598 2135 ad
628 2074 906 2152 conversationem,
937 2073 993 2135 sed
1022 2074 1109 2135 etiam
1136 2071 1174 2134 ad

72 2188 304 2251 benivolentiam
333 2187 527 2251 derivandum
559 2187 685 2250 videtur.
730 2188 804 2250 Nam
835 2189 937 2268 utique
968 2192 998 2248 et
1028 2185 1079 2247 filii
1107 2185 1174 2247 Noe

72 2301 162 2367 simul
194 2300 382 2380 habitabant,
416 2309 446 2363 et
479 2318 540 2364 non
573 2308 637 2363 erat
667 2302 698 2364 in
729 2301 775 2364 bis
807 2318 922 2363 morum
954 2297 1125 2363 concordia.
1142 2294 1174 2381 3)

72 2412 252 2475 amintam
274 2412 361 2474 etiam
383 2412 413 2473 in
437 2411 525 2475 donro
548 2413 641 2493 patris
663 2412 743 2475 Esau
767 2418 797 2473 ct
818 2411 917 2491 Iacob,
939 2409 994 2473 sed
1017 2397 1174 2492 discrepa-

74 2527 154 2588 bant.
178 2520 210 2608 ⁴)
263 2524 331 2587 Non
361 2533 425 2587 erat
454 2526 532 2587 enim
562 2526 763 2588 benivolentia
794 2526 872 2587 inter
902 2542 975 2602 eos,
1011 2541 1089 2604 qnae
1118 2525 1175 2586 sibi

74 2635 243 2718 praeferret
275 2638 416 2717 alterum,
450 2638 505 2700 sed
539 2640 634 2721 magis
670 2639 839 2717 contentio,
879 2655 956 2717 quae
989 2637 1176 2718 praeriperet

74 2749 321 2814 benedictionem.
339 2747 371 2833 5)
416 2751 490 2812 Nam
514 2769 579 2812 cum
602 2751 677 2813 alter
699 2750 882 2831 praedurus,
906 2750 981 2812 alter
1004 2756 1175 2812 mansuetus

75 2871 168 2943 esset,
190 2865 268 2926 inter
291 2865 426 2945 dispares
444 2882 549 2943 mores
573 2870 603 2926 et
625 2863 720 2927 studia
737 2865 958 2946 conpugnantia
974 2863 1176 2926 benivolentia

75 2994 146 3040 esse
167 2994 228 3039 non
243 2984 366 3059 poterat.
404 2976 490 3040 Adde
506 2980 574 3058 quia
590 2985 711 3041 sanctus
726 2976 814 3040 lacob
830 2982 975 3057 paternae
990 2975 1175 3060 degenerem

76 3091 182 3154 domus
204 3090 307 3153 virtuti
328 3090 485 3172 praeferre
507 3109 569 3154 non
590 3096 717 3172 poterat.

166 3200 237 3266 172.
281 3203 360 3267 Nibil
381 3211 480 3266 autem
503 3211 561 3266 tam
584 3203 802 3280 consociabile,
827 3220 914 3283 quam
937 3220 1003 3264 aum
1026 3201 1176 3282 aequitate

75 3316 194 3395 iustitia,
218 3332 295 3397 qnae
316 3314 399 3379 uelut
421 3335 535 3398 conpar
558 3322 588 3379 et
610 3318 693 3379 socia
715 3316 935 3378 benivolentiae
959 3314 1038 3392 iacit,
1061 3321 1094 3376 ut
1111 3330 1176 3393 eos,
1230 3316 1233 3321 “

76 3446 155 3512 quos
182 3446 272 3510 pares
302 3429 390 3492 nobis
422 3427 586 3506 credimus,
620 3428 786 3510 diligamus.
831 3427 927 3489 Habet
955 3433 1053 3489 autem
1082 3427 1113 3489 in
1143 3443 1177 3488 se

75 3534 280 3607 benivolentia
303 3544 391 3605 etiam
415 3540 618 3605 fortitudinem
626 3563 635 3618 ;
668 3559 735 3602 nam
763 3556 831 3603 oum
863 3540 989 3603 amicitia
1018 3559 1059 3602 ex
1089 3540 1177 3602 boni-

76 3656 230 3719 volentiae
253 3655 336 3718 sonte
362 3655 525 3736 procedat,
557 3672 617 3717 non
642 3653 752 3716 dubitat
774 3671 830 3735 pro
853 3655 948 3716 amico
971 3656 1076 3737 gravia
1098 3655 1177 3716 vitae

76 3769 227 3832 sustinere
250 3769 398 3851 pericula:
416 3765 448 3852 6)
471 3769 513 3831 Et
533 3769 562 3831 si
584 3768 668 3829 molo
690 3768 782 3844 mibi,
807 3768 918 3849 inquit,
942 3767 1102 3829 evenerint
1117 3787 1178 3846 por

77 3882 176 3958 illam,
203 3884 351 3945 sustineo.

150 4033 179 4102 1)
199 4034 222 4087 1.
240 4033 305 4104 lieg.
325 4034 366 4103 19,
386 4035 402 4088 2
420 4052 473 4106 seq.
537 4035 565 4102 2)
584 4035 675 4090 Psalm.
695 4037 737 4105 17,
757 4037 799 4090 26.
864 4033 893 4103 3)
913 4032 1003 4086 (lenes.
1022 4032 1048 4100 9,
1067 4032 1102 4087 22
1120 4048 1174 4106 seq.

76 4120 108 4198 4)
126 4119 190 4174 lbid.
209 4121 253 4196 25,
271 4122 313 4177 27.
385 4122 415 4199 5)
433 4122 495 4179 lbid.
514 4123 558 4196 27,
579 4123 612 4175 11
629 4139 700 4201 seqq.
771 4125 801 4195 6)
819 4123 897 4180 Sirac.
914 4122 957 4193 22,
976 4119 1018 4178 31.
