2692 4666
168 309 211 378 74
588 306 635 369 θ.
653 306 809 368 admotu

166 469 240 537 fatsa
268 488 325 554 pro
354 472 436 536 veris
466 471 596 552 ducere,
628 476 695 539 non
723 475 859 540 obscuris
888 493 963 541 vera
993 476 1165 558 involvere,
1198 494 1261 542 non

159 585 323 669 superfluis
336 587 384 650 vet
400 586 527 682 inplexis
550 592 639 668 atque
661 588 807 672 ambiguis
828 608 979 673 occupare
1002 591 1137 655 animum.
1181 590 1260 666 Quid

165 707 224 764 tam
248 701 431 781 indecorum,
456 719 542 781 quam
567 702 705 764 venerari
728 703 818 786 ligna,
841 704 921 786 quod
936 705 992 787 ipsi
1009 704 1143 768 faciunt?
1181 703 1259 779 Ouid

164 821 223 879 tam
253 817 426 896 obscurum,
462 834 548 896 quam
579 815 617 878 de
647 819 827 880 astronomia
859 825 888 880 ει
912 819 1086 924 peometria
1120 824 1259 898 tractare,

165 927 246 1010 quod
268 929 412 1011 probant,
436 935 465 991 et
487 928 635 1010 profunda
651 930 729 992 aeris
745 932 839 1012 spatia
862 933 979 1012 met-iri,
1002 931 1114 995 caetum
1137 951 1260 1014 quoque

165 1049 194 1105 et
215 1060 296 1105 mare
317 1044 448 1105 numeris
470 1042 648 1120 includerc;
670 1043 841 1126 relinquere
864 1064 982 1108 causam
1005 1046 1122 1126 salotis,
1147 1047 1261 1112 erroris

164 1157 338 1241 quaerere?

253 1268 323 1336 123.
369 1272 417 1335 An
440 1290 500 1336 non
523 1273 572 1335 itte
594 1272 726 1335 emditus
742 1274 772 1335 in
788 1275 867 1336 omni
885 1275 1028 1356 sapientia
1043 1273 1260 1358 Aegyptiorum

162 1384 287 1470 Uopses
311 1387 449 1468 probavit
471 1387 553 1449 ista‘t
597 1387 657 1451 Sed
689 1386 767 1449 illam
798 1389 971 1469 sapientiam
1002 1388 1208 1452 detrimentum
1231 1394 1262 1450 et

163 1482 313 1565 atttltitiam
344 1498 485 1562 iudicavit
515 1505 545 1561 et
574 1517 698 1562 aversus
731 1499 767 1563 ab
781 1515 784 1519 ’
797 1517 833 1561 ea
864 1501 964 1563 intimo
995 1499 1081 1563 deum
1114 1500 1262 1579 quaesivit

165 1614 274 1678 affectu
297 1614 427 1696 ideoque
444 1614 532 1694 uidit,
555 1614 770 1697 interrogavit,
794 1613 904 1678 audivit
924 1616 1104 1696 toquentem.
1118 1610 1149 1696 ¹]
1187 1613 1261 1687 Quis

103 1742 110 1749 ·
165 1730 262 1812 magis
286 1729 422 1811 sapiens,
446 1745 534 1807 quam
556 1726 622 1806 ille,
647 1744 734 1807 quem
757 1727 857 1789 docuit
880 1725 971 1805 deus,
995 1727 1045 1807 qui
1068 1744 1185 1789 omnem
1207 1743 1261 1788 sa-

164 1841 305 1924 pientiam
329 1839 546 1923 Aegpptiorum
577 1856 742 1920 omnesque
772 1841 875 1903 artium
905 1842 1051 1921 potentias
1081 1840 1182 1920 operis
1213 1840 1262 1902 sui

163 1957 273 2019 virtute
296 1953 455 2016 vacuavit?
499 1952 566 2016 Non
583 1952 630 2014 hic
646 1952 795 2033 incognita
816 1970 871 2033 pro
895 1952 1023 2035 cognitis
1046 1951 1172 2015 hahebat
1194 1951 1260 2014 his·

163 2088 222 2152 que
249 2075 362 2131 temere
391 2066 612 2130 adsentiebatur
618 2088 628 2141 3
660 2084 738 2147 quae
761 2065 820 2130 duo
843 2067 872 2127 in
896 2066 954 2130 hoc
977 2067 1103 2128 maxime
1135 2067 1260 2130 naturali

163 2189 253 2264 atque
280 2162 409 2246 honesto
436 2179 504 2242 loco
527 2177 645 2241 vitanda
676 2176 791 2241 discant
821 2180 871 2259 qui
906 2179 961 2240 sibi
994 2197 1050 2241 nec
1073 2186 1178 2242 contra
1200 2197 1259 2242 na-

162 2270 364 2375 turam'esse,
396 2312 452 2357 nec
475 2300 559 2375 turpe
589 2293 717 2357 iudicant
747 2311 820 2355 saxa
851 2293 978 2356 adorare
1001 2298 1031 2354 et
1054 2312 1070 2355 a
1093 2293 1259 2357 simulacris

164 2411 303 2474 auxilium
325 2417 444 2492 petere,
468 2427 545 2490 quae
567 2409 637 2471 nihil
660 2408 796 2470 sentiant.

252 2521 323 2588 124.
369 2523 485 2597 Quanto
517 2523 606 2605 igitur
629 2521 780 2585 excelsior
802 2522 896 2583 virtus
920 2526 966 2582 est
988 2521 1148 2602 sapientia,
1176 2527 1258 2586 tanto

163 2641 257 2723 magis
287 2637 456 2701 enitendum
486 2637 628 2715 arbitror,
659 2641 691 2698 ut
713 2636 837 2716 adsequi
864 2653 928 2697 eam
951 2637 1110 2717 possimus.
1155 2636 1259 2718 ltaque

163 2752 289 2835 nequid
312 2759 414 2816 contra
437 2758 587 2831 naturam,
610 2770 649 2813 ne
672 2751 742 2832 quid
766 2758 850 2832 turpe
874 2756 963 2831 atque
985 2750 1159 2814 indecorum
1182 2768 1257 2814 sen·

162 2867 283 2946 tiamus,
306 2865 366 2928 duo
389 2867 478 2946 haec,
508 2867 538 2929 id
561 2872 621 2945 est,
649 2872 678 2928 et
700 2873 815 2947 tempus
838 2871 867 2927 et
890 2864 1067 2949 diligentiam
1091 2865 1128 2928 ad
1151 2866 1258 2930 oonsi-

164 2979 349 3042 derationem
371 2997 470 3041 rerum
493 2979 679 3042 examinandi
700 2979 796 3060 gratia
820 2975 960 3040 conferre
984 2978 1134 3042 debemus.
1179 2979 1258 3042 Nihil

164 3101 209 3158 est
231 3095 318 3174 enim,
341 3112 401 3175 quo
421 3095 514 3178 magis
538 3094 626 3156 homo
651 3094 760 3156 ceteris
784 3093 979 3157 animantibus
1002 3100 1143 3177 praestet,
1167 3113 1255 3175 quam

162 3208 244 3290 quod
272 3207 395 3270 rationis
425 3214 470 3269 est
492 3207 658 3288 particeps,
690 3223 796 3268 causas
826 3224 927 3267 rerum
958 3210 1100 3290 requirit,
1133 3210 1257 3292 generis

163 3326 209 3388 sui
242 3331 393 3386 auctorem
424 3321 663 3404 investigandum
692 3326 790 3403 putat,
821 3321 850 3381 in
883 3323 966 3385 cuius
997 3329 1144 3404 potestate
1177 3324 1258 3387 vitae

163 3438 307 3520 necisque
340 3445 460 3502 nostrae
492 3443 623 3519 potestas
651 3437 706 3516 sit,
742 3436 791 3517 qui
823 3437 961 3517 mundum
991 3438 1069 3501 huno
1098 3455 1154 3501 suo
1182 3445 1258 3503 nutu

161 3563 257 3637 regat,
280 3555 328 3616 cui
345 3556 471 3618 sciamus
487 3554 632 3618 rationem
649 3569 717 3614 esse
733 3551 914 3614 reddendam
936 3559 1107 3615 nostrorum
1129 3559 1255 3616 actuum.

162 3668 240 3732 Nihil
263 3675 309 3732 est
332 3671 420 3749 enim,
443 3668 522 3750 quod
545 3671 639 3751 magis
662 3667 795 3750 proficiat
811 3666 847 3729 ad
867 3668 956 3729 vitam
979 3667 1143 3746 honestam,
1167 3685 1256 3748 quam

162 3790 194 3847 ut
217 3783 372 3847 credamus
396 3802 463 3846 eum
486 3781 612 3846 iudicem
636 3781 783 3862 futurum,
811 3798 900 3861 quem
923 3786 953 3843 et
974 3780 1089 3844 occulta
1110 3799 1172 3845 uon
1195 3780 1255 3844 fal-

162 3896 223 3961 lant
246 3904 275 3961 et
297 3897 439 3962 indecora
463 3897 615 3961 offendant
637 3905 666 3959 et
689 3897 815 3963 honesta
838 3895 994 3958 delectent.

165 4052 366 4062 ‚-—----.

233 4139 260 4210 t)
278 4138 363 4196 azot.
382 4139 408 4209 3,
428 4138 440 4192 1
461 4154 532 4212 seqq.
