2692 4666
344 318 390 372 nn
410 316 548 373 orrrons
567 287 794 371 mursraonmr
810 314 945 370 amana
1145 319 1189 386 ⁶7

90 480 218 544 hortatio
240 481 307 544 sine
328 480 506 546 offensione.
548 478 586 542 Et
607 478 684 543 siout
705 479 736 541 in
757 478 839 543 omni
857 483 924 540 actu
940 477 1017 540 vitae
1033 477 1063 539 id
1079 496 1188 543 cavere

92 591 254 675 dehemus,
293 611 332 656 ne
366 593 512 656 rationem
549 591 654 654 nimius
689 591 777 654 animi
811 597 908 655 motus
944 591 1098 675 excludat,
1135 592 1190 658 sod

91 715 246 774 teneamus
270 709 387 774 consilii
408 709 524 789 locum,
554 708 594 770 ita
618 708 707 770 etiam
728 710 759 770 iu
782 726 923 773 sermone
947 709 1100 774 formulam
1124 729 1189 775 eam

91 826 189 890 teneri
210 802 369 906 convenit,
392 844 432 888 ne
455 829 505 888 aut
525 823 570 885 ira
593 823 741 886 excitetur
760 830 810 886 aut
830 823 930 887 odium
952 831 1003 887 aut
1025 808 1191 907 cupiditatis

91 947 215 1007 nostrae
237 946 287 1005 aut
310 938 448 1022 phariae
471 936 570 1016 aliqua
593 937 792 1018 exprimamus
816 936 931 1000 indicia.

182 1054 253 1120 100.
299 1055 343 1120 Sit
364 1053 454 1137 igitur
486 1067 586 1114 sermo
618 1049 787 1114 huiusmodi
809 1049 847 1113 de
870 1051 1025 1132 scripturis
1048 1052 1191 1116 maxime.

93 1169 172 1244 Quid
199 1172 278 1233 enim
304 1169 400 1252 magis
432 1184 488 1230 nos
512 1171 632 1248 oportet
661 1166 762 1247 loqui,
794 1184 880 1246 quarn
903 1164 940 1227 de
963 1167 1193 1229 conversatione

93 1282 220 1364 optima,
243 1279 450 1344 adhortatione
473 1278 711 1356 observationis,
744 1277 916 1359 disciplinae
939 1279 1083 1343 custodia.
1128 1281 1209 1345 lta·

93 1396 165 1458 beat
197 1401 285 1477 caput
313 1395 378 1457 eius
409 1394 556 1458 rationem
579 1400 609 1454 et
630 1392 697 1456 finis
720 1391 848 1456 modurn.
894 1391 999 1458 Sermo
1023 1395 1101 1456 enim
1125 1401 1193 1458 tae·

94 1509 198 1572 diosus
229 1510 289 1571 iras
319 1509 437 1571 excitat.
482 1507 576 1582 Quam
607 1525 681 1570 vero
707 1507 899 1586 indecorum,
930 1514 978 1586 ut,
1009 1526 1075 1570 cum
1098 1509 1193 1572 omnis

94 1621 298 1687 confabulatio
321 1622 432 1686 hahere
455 1622 551 1686 soleat
569 1622 782 1686 incrementum
798 1622 921 1707 gratiae,
945 1622 1053 1686 habeat
1068 1643 1194 1690 naevum

95 1737 287 1801 offensionis!

186 1847 256 1916 101.
300 1850 456 1913 Tractatus
480 1868 601 1931 quoque
624 1849 662 1912 de
686 1849 821 1913 doctrina
843 1849 929 1930 lidei,
961 1849 999 1913 de
1021 1851 1193 1935 magisterio

94 1967 313 2046 continentiae,
342 1965 383 2028 de
406 1965 620 2046 disceptatione
643 1966 789 2045 iustitiae,
824 1964 1031 2029 adhortatione
1061 1965 1194 2048 diligen-

95 2084 171 2160 tiae,
201 2099 262 2144 non
285 2098 361 2144 unus
385 2098 523 2162 semper,
554 2080 627 2160 sed,
658 2088 691 2143 ut
712 2098 746 2144 se
769 2078 885 2142 dederit
912 2080 1022 2160 lectio,
1054 2080 1142 2144 nobis
1166 2084 1195 2142 et

97 2195 286 2278 arripiendus
321 2201 366 2258 est
400 2201 448 2274 et,
480 2203 570 2277 prout
603 2213 781 2276 possumus,
814 2194 1061 2278 prosequendus3
1096 2207 1194 2275 neque

97 2309 219 2373 nimium
250 2309 405 2392 prolixus,
438 2328 538 2392 neque
567 2311 626 2373 cito
655 2312 859 2392 interruptus,
893 2329 932 2373 ne
965 2309 1015 2372 vel
1047 2306 1195 2371 fastidium

97 2422 302 2505 derehnquat,
326 2423 374 2484 vel
397 2422 540 2486 desidiam
557 2424 664 2506 prodat
686 2431 775 2505 atque
798 2425 949 2488 incuriam.
988 2421 1090 2486 Oratio
1109 2440 1193 2503 pura,

98 2537 243 2619 simplex,
267 2535 394 2601 dilucida
417 2542 505 2618 atque
527 2537 698 2616 manifesta,
721 2537 809 2618 plena
826 2538 979 2622 gravitatis
994 2543 1031 2616 ,et
1050 2533 1194 2618 ponderis

98 2669 162 2717 uon
184 2650 331 2717 adieetata
355 2651 520 2734 elegantia,
547 2652 602 2716 sed
624 2671 685 2716 non
707 2652 874 2716 intermissa
896 2654 1000 2737 gratia.

477 2922 654 2991 CAPUT
686 2927 813 2993 XXIII.

94 3087 174 3144 locos
193 3090 242 3141 etsi
259 3105 444 3161 nonnumquam
463 3091 563 3143 honesti
581 3093 646 3157 sint,
665 3094 794 3144 tamenin
814 3091 992 3146 ecclesiasticis
1011 3094 1070 3145 virts
1089 3092 1192 3143 omnino

162 3177 375 3247 proscribendoa3
396 3195 485 3232 vocem
504 3188 587 3233 autem
606 3196 695 3248 puram
713 3197 744 3234 ac
761 3181 903 3250 simplicem
922 3196 980 3233 ease
998 3187 1127 3248 oportere.

190 3335 260 3404 102.
306 3339 392 3405 hlutta
415 3348 571 3424 praeterea
593 3341 632 3405 de
654 3344 770 3407 ratione
800 3342 918 3408 dicendi
941 3341 1011 3405 dant
1031 3349 1193 3424 praecepta

97 3451 272 3515 saeculares
288 3452 354 3531 viri,
377 3472 453 3535 quae
468 3453 555 3519 nohis
574 3454 793 3536 praetereunda
815 3458 952 3535 arbitror,
974 3448 1060 3520 dtde
1074 3455 1193 3521 iocandi

98 3564 263 3648 disciplina.
307 3565 381 3629 Nam
409 3566 481 3630 licat
506 3567 654 3631 interdum
684 3569 811 3632 honesta
841 3570 908 3634 ioca
930 3587 966 3632 ac
988 3570 1092 3634 suavia
1122 3569 1190 3649 siut,

21 3714 24 3719 ·
97 3684 198 3743 tamen
223 3679 263 3741 ah
295 3679 497 3749 ecelesiastica
530 3679 693 3743 abhorrent
725 3681 849 3764 regula,
882 3684 1021 3764 quoniam
1053 3701 1130 3766 quae
1160 3683 1192 3746 in

95 3791 255 3874 scripturis
282 3810 344 3857 uon
373 3793 556 3875 reperimus,
591 3813 627 3858 ea
658 3793 905 3876 quemadmodum
938 3816 1085 3880 usurpare
1114 3815 1191 3880 pos·

96 3906 227 3979 amma

188 4016 259 4085 103.
303 4020 443 4085 Cavenda
465 4019 544 4082 enim
566 4021 654 4084 etiam
676 4023 707 4085 in
728 4021 851 4101 fabulis,
882 4040 922 4084 ne
944 4022 1094 4088 inflectant
1114 4043 1189 4108 gra-

98 4135 219 4201 vitatem
246 4134 409 4199 sevefioris
438 4133 592 4217 propositi.
648 4135 711 4198 Vae
737 4136 844 4214 cotia,
877 4136 931 4218 pai
960 4137 1084 4218 amah,
1114 4141 1189 4220 qaia

925 4245 982 4313 5·
