2692 4666
144 307 207 375 130
356 258 359 263 ¹
593 307 617 359 s.
637 307 791 363 nuuaosu

141 489 197 554 per
226 487 312 552 quam
341 467 399 530 vita
429 475 551 533 aeterna
583 470 753 551 adquiritur.
799 471 879 534 Vita·
894 471 971 534 enim
1001 474 1088 538 beata
1121 474 1235 541 fructus

140 585 353 668 praesentium,
376 584 434 646 vita
457 590 554 647 autem
577 591 698 648 aeterna
721 603 791 667 spes
814 584 984 651 futurorum
1004 594 1062 654 est.

229 699 276 766 19.
320 698 357 761 Et
379 705 446 762 sunt
469 706 565 762 tamen
589 699 640 780 qui
663 700 693 761 in
715 699 773 762 boc
795 718 924 782 corpore
946 708 1004 766 tam
1026 704 1154 786 infirmo,
1176 713 1232 770 mm

139 818 237 903 fragili
266 814 467 899 inpossibilem
490 813 578 876 vitam
600 813 716 876 beatam
745 819 865 896 putent,
899 816 929 878 in
952 835 1012 899 quo
1034 830 1164 884 necesse
1188 826 1232 885 est

137 935 224 1016 augi,
247 929 365 1009 dolere,
389 927 564 1009 deplorare,
591 944 787 1010 aegrescere,
819 930 903 1010 quasi
926 949 1000 995 vero
1022 951 1082 1016 ego
1104 935 1136 997 in
1158 953 1230 999 cor-

136 1048 219 1129 poris
249 1044 445 1108 exsultatione
473 1041 567 1104 dicam
600 1042 689 1103 vitam
720 1043 835 1105 beatam
865 1046 1030 1109 consistere
1056 1054 1087 1110 et
1112 1067 1173 1113 non
1201 1049 1231 1112 in

136 1161 287 1224 altitudine
310 1157 489 1240 sapientiae,
523 1157 668 1219 suavitate
697 1159 917 1239 conscientiae,
947 1161 1063 1226 uirtutis
1091 1164 1229 1229 sublimi-

136 1282 204 1340 tate.
248 1274 315 1336 Nou
346 1273 425 1336 enim
454 1273 483 1334 in
510 1272 650 1353 passione
679 1290 764 1350 esse,
794 1271 849 1334 scd
877 1273 1023 1337 victorem
1055 1294 1125 1341 esse
1154 1297 1229 1360 pas-

88 1369 90 1379 ’
135 1389 227 1454 sionis
250 1390 367 1451 beatum
389 1392 449 1464 est,
472 1403 528 1446 nec
551 1384 647 1467 frangi
669 1385 840 1467 temporalis
863 1392 944 1450 motu
967 1387 1086 1471 doloris.

220 1501 270 1567 20.
314 1503 395 1565 Pone
426 1501 562 1563 accidere
591 1499 683 1580 baec,
718 1520 795 1582 quae
828 1503 931 1585 gravia
959 1503 996 1567 ad
1023 1505 1081 1567 vim
1113 1505 1228 1572 doloris

133 1617 285 1697 seruntur,
316 1616 502 1694 caecitatem,
531 1614 684 1695 exsilium,
708 1615 832 1694 famem,
862 1619 1111 1701 stuprumbliae,
1133 1607 1251 1684 amis?

132 1734 246 1797 sionem
268 1731 437 1794 liberorum.
482 1729 554 1803 Quis
578 1735 668 1812 neget
689 1730 806 1792 beatum
829 1730 930 1811 lsaac,
954 1734 1004 1813 qui
1022 1751 1082 1797 non
1106 1734 1227 1800 videbat

132 1851 161 1912 in
184 1852 337 1909 senectute
353 1850 382 1907 et
396 1843 591 1906 beatitudines
614 1844 676 1906 suis
700 1844 957 1910 benedictionibus
980 1847 1180 1912 conferebat?
1194 1848 1224 1936 ¹)

131 1963 179 2026 dn
200 1981 261 2026 uon
284 1962 388 2023 beatus
412 1960 510 2039 lacob,
534 1961 593 2041 qui,
616 1959 762 2042 profugus
784 1961 878 2040 patria
901 1960 1000 2041 domo,
1021 1966 1224 2029 mercenarius

129 2083 231 2159 pastor
254 2076 389 2139 exsilium
411 2075 557 2155 sustinuit,
581 2074 656 2136 filiae
679 2072 844 2156 pudicitiam
867 2074 1010 2159 ingemuit
1032 2095 1101 2140 esse
1124 2087 1222 2144 teme-

129 2196 238 2269 ratam,
261 2187 367 2250 famem
391 2188 533 2269 pertulit?
549 2184 581 2270 ²)
626 2187 693 2249 Non
716 2206 790 2269 ergo
814 2188 891 2250 beati
916 2207 1043 2270 quorum
1065 2191 1123 2256 fide
1148 2192 1222 2258 deus

130 2303 235 2385 accipit
267 2303 482 2382 testimonium,
517 2320 582 2364 oum
615 2301 736 2363 dicitur:
754 2297 786 2384 ³)
819 2298 904 2366 Deus
936 2303 1108 2385 Abrabam,
1143 2309 1221 2371 deus

129 2417 239 2495 Isaac,
263 2418 340 2479 deus
362 2414 482 2478 Iacob?
524 2414 634 2477 Misera
657 2420 702 2476 est
723 2416 870 2495 servitus,
894 2414 1029 2481 sednon
1052 2421 1144 2485 miser
1167 2420 1219 2487 lo-

128 2531 220 2613 seph,
235 2526 269 2615 ⁴)
291 2532 379 2593 immo
401 2529 489 2611 plane
511 2529 633 2607 beatus,
662 2546 727 2589 cum
750 2526 886 2590 dominae
908 2514 1044 2596 libidines
1065 2534 1097 2598 in
1117 2537 1219 2600 servi-

128 2652 189 2708 tute
211 2646 325 2727 positus
355 2651 518 2707 coerceret.
564 2641 641 2717 Quid
664 2640 701 2704 de
722 2650 825 2707 sancto
848 2642 944 2706 David
959 2641 991 2728 ⁵)
1011 2647 1134 2730 loquar,
1168 2651 1219 2732 qui
1244 2728 1246 2735 Ι

127 2761 215 2824 trium
235 2760 360 2823 liliorum
384 2759 548 2840 deploravit
570 2758 682 2821 obitum
704 2764 744 2837 et,
767 2756 848 2838 quod
869 2758 915 2821 his
939 2758 1049 2842 durius,
1071 2763 1219 2829 incestum

126 2874 229 2936 litiae?
273 2872 429 2948 Quomodo
462 2891 522 2937 non
554 2874 677 2952 beatus,
711 2871 748 2934 de
782 2874 866 2935 cuius
896 2876 1090 2941 successione
1118 2879 1218 2944 boati-

127 2987 233 3051 tudinis
256 2994 360 3051 auctor
383 2991 505 3048 exortus
528 2991 582 3065 est,
606 2985 657 3066 qui
678 2983 821 3065 plurimos
839 2983 909 3047 lecit
923 2986 1052 3052 beatos?
1079 2965 1232 3075 neat⁶)‘

126 3104 203 3167 enim
234 3104 287 3184 qai
316 3122 380 3165 non
410 3102 554 3163 viderant
582 3109 613 3163 et
642 3101 850 3162 crediderant.
894 3101 1027 3165 Fuerunt
1054 3109 1086 3165 et
1106 3104 1166 3187 ipsi
1186 3106 1216 3169 in

125 3235 216 3281 sensu
239 3215 426 3297 infirmitatis,
459 3215 513 3279 sed
536 3217 711 3279 evaluerunt
733 3216 771 3278 de
794 3214 958 3279 infirmitate
989 3217 1094 3282 fortes.
1139 3218 1216 3294 Ouid

122 3331 302 3395 laboriosius
332 3337 427 3395 autern
458 3337 560 3394 sancto
587 3330 639 3393 lob
658 3324 688 3414 ⁷)
719 3330 767 3392 vel
789 3332 819 3393 in
843 3329 948 3394 domus
977 3330 1137 3413 incendic,
1167 3332 1216 3397 vel

123 3445 247 3510 liliorum
263 3445 366 3508 decem
382 3447 500 3509 interitu
515 3453 732 3525 momentaneo,
748 3443 902 3508 doloribus
918 3445 1098 3528 corporcis?
1117 3446 1214 3511 Num-

123 3558 193 3641 quid
219 3559 315 3622 minus
344 3560 468 3639 beatus,
501 3576 587 3639 quam
610 3559 636 3620 si
657 3557 706 3620 illa
735 3574 795 3621 non
826 3558 1013 3640 pertulisset,
1047 3560 1077 3624 iu
1107 3561 1214 3645 quibus
1243 3626 1248 3640 ,

122 3674 217 3758 magis
239 3674 382 3756 probatus
405 3681 458 3738 est.

193 3881 219 3946 1)
239 3880 330 3934 (lenes.
355 3879 398 3945 27,
421 3880 443 3932 1.
514 3881 543 3948 2)
562 3880 624 3933 lbid.
644 3882 686 3948 31,
710 3882 723 3933 1
743 3899 797 3951 seq.
816 3890 843 3935 et
861 3883 902 3951 34,
922 3882 935 3935 1
956 3901 1009 3954 seq.
1081 3885 1112 3954 ³)
1130 3887 1210 3943 Exod.

123 3965 177 4035 3,6
197 3978 223 4021 et
240 3971 266 4036 4,
284 3968 308 4020 5.
346 3967 377 4021 cf.
395 3966 470 4020 blare.
491 3967 532 4034 12,
551 3969 584 4021 26
603 3977 630 4021 et
647 3968 707 4023 luc.
726 3970 770 4037 20,
788 3969 830 4023 37.
901 3973 930 4036 4)
950 3970 1040 4024 Genes.
1059 3972 1102 4040 ³9,
1122 3974 1140 4027 8
1157 3992 1210 4045 seq.

122 4052 152 4120 5)
171 4055 196 4108 2.
215 4055 278 4126 lleg.
298 4055 341 4123 13,
359 4053 375 4105 3
395 4062 422 4106 et
440 4053 482 4120 18,
501 4054 542 4107 3³.
613 4055 643 4122 6)
663 4055 750 4109 loanu.
769 4055 812 4123 20,
827 4056 868 4108 29.
940 4055 971 4125 7)
988 4056 1042 4112 lob.
1056 4057 1081 4126 1,
1095 4057 1128 4111 14
1140 4077 1211 4133 seqq.

121 4151 149 4195 ct
166 4143 190 4208 2,
209 4144 224 4194 7
243 4159 314 4213 seqq.
