2692 4666
122 348 187 415 210
571 339 771 395 snuoaosu

121 506 170 569 vel
193 504 290 587 inpuri
309 503 553 582 contaminarent,
575 502 626 565 vel
641 501 849 566 defunctorum
864 501 987 583 sanguia
1003 502 1219 583 exstingueret,

122 623 171 686 vel
195 619 368 684 deformium
392 618 544 680 ruinarum
566 635 693 681 aceruus
715 616 859 680 aboleret.
996 593 999 598 ’

212 732 282 798 100.
326 733 475 796 Abierunt
496 734 595 814 itaque
619 733 648 795 in
670 730 823 794 Persidem
853 730 916 793 sola
945 729 1094 812 religione
1124 727 1219 806 liberi,

87 916 92 929 Ι
122 848 262 928 quoniam
293 846 358 910 sola
388 845 444 908 illis
471 864 526 926 per
547 844 744 925 captivitatem
768 844 943 924 extorqueri
964 844 1107 925 nequiuit.
1151 842 1222 906 Post

121 980 196 1024 vero
218 960 375 1042 plurimum
397 960 550 1040 temporis,
573 957 691 1040 quando
714 957 823 1039 placuit
845 956 913 1036 deo,
938 957 1018 1020 dedit
1039 957 1116 1020 hanc
1132 975 1220 1020 men-

122 1081 181 1137 tem
203 1073 270 1155 regi
291 1073 466 1150 Persarum,
497 1078 530 1135 nt
552 1072 713 1134 restaurari
735 1071 764 1132 in
788 1070 895 1133 ludaea
918 1071 1056 1154 tempium
1087 1076 1117 1133 et
1138 1070 1220 1153 legi-

120 1189 208 1250 timos
238 1187 372 1267 reparari
394 1185 610 1267 Hierosolymis
640 1185 715 1247 ritus
745 1186 869 1248 iuberet.
915 1185 1005 1248 Cuius
1028 1184 1125 1268 gratia
1153 1204 1220 1247 mu-

121 1301 202 1363 neris
236 1299 389 1362 Neemiam
423 1298 611 1361 sacerdotem
645 1318 701 1362 rex
733 1299 889 1361 Persarum
927 1297 1043 1360 direxit.
1098 1299 1141 1361 At
1172 1298 1221 1362 ille

121 1429 224 1474 secum
247 1410 369 1474 deduxit
391 1412 508 1474 illorum
532 1411 722 1475 sacerdotum
744 1419 891 1492 nepotes,
920 1411 971 1491 qui
993 1410 1162 1492 profecturi
1185 1410 1221 1473 de

120 1526 216 1607 patrio
239 1525 304 1587 solo
324 1544 452 1604 sacrum,
476 1545 514 1587 ne
530 1526 652 1608 periret,
676 1527 776 1610 ignem
792 1524 1018 1589 absconderant.
1056 1525 1219 1589 Venientes

121 1645 228 1717 autern,
251 1643 283 1700 ut
304 1645 419 1720 patrum
440 1655 580 1701 sermone
597 1645 643 1700 est
658 1637 816 1721 proditum,
839 1656 901 1700 non
916 1639 1096 1701 invenerunt
1110 1637 1219 1719 ignem,

121 1749 176 1812 sed
206 1767 320 1829 aquam.
374 1748 412 1811 Et
442 1768 508 1811 curn
541 1749 661 1811 deesset
692 1749 787 1831 ignis,
822 1767 882 1829 quo
915 1747 1075 1813 adolerent
1107 1750 1219 1830 altaria,

120 1862 240 1924 haurire
263 1878 317 1924 eos
341 1878 445 1942 aquarn
468 1861 607 1923 Neemias
630 1858 774 1922 sacerdos
805 1861 921 1940 sibique
953 1858 1073 1924 deferre
1105 1868 1135 1924 et
1164 1860 1220 1926 ad·

120 1993 266 2059 spargere
296 1993 388 2057 super
417 1973 497 2058 ligna
529 1975 689 2056 praecepit.
725 1975 836 2053 lunc,
870 1974 938 2037 uisu
967 1974 1120 2037 mirabilel
1156 1994 1220 2041 cum

112 2095 203 2152 —esset
225 2089 340 2151 caelum
362 2089 506 2152 intextum
528 2075 674 2169 nubibus,
703 2089 749 2154 sol
772 2096 897 2171 repente
920 2089 1042 2168 inluxit,
1075 2108 1220 2155 accensus

121 2209 168 2265 est
190 2220 316 2283 magnus
337 2202 433 2285 ignis,
461 2203 500 2265 ita
523 2209 554 2265 ut
577 2221 680 2266 omnes
703 2203 733 2265 in
756 2209 814 2264 tam
837 2202 966 2266 evidenti
989 2202 1102 2267 domini
1124 2206 1220 2288 gratia

122 2313 230 2376 lactum
268 2320 422 2396 stupentes
458 2315 568 2379 laetitia
606 2315 867 2398 perfunderentur.
922 2316 1034 2380 Orabat
1069 2317 1220 2397 Neemias,

121 2426 286 2509 psallebant
316 2428 491 2493 sacerdotes
523 2430 664 2512 hymnum
697 2429 774 2509 deo,
807 2436 900 2511 utque
915 2438 1144 2512 consumptum
1175 2439 1221 2495 eat

122 2539 316 2619 sacrificium,
346 2541 432 2604 iussit
460 2543 565 2604 iterum
588 2542 726 2604 Neemias
750 2542 870 2606 residua
893 2561 970 2623 aqua
993 2545 1125 2608 maiores
1146 2563 1220 2626 per·

123 2652 206 2716 fundi
232 2653 364 2734 lapides,
395 2634 455 2737 quo
485 2655 563 2719 facto
595 2656 710 2720 ilamma
739 2675 865 2720 accensa
896 2663 959 2736 est,
990 2657 1093 2721 lumen
1121 2664 1221 2722 autem

122 2765 239 2849 relulge
297 2767 333 2830 ab
358 2767 442 2827 altari
465 2773 697 2831 consummatum
720 2769 788 2831 ilico
812 2775 867 2830 cst.
886 2765 917 2850 ¹)

212 2874 227 2940 1
275 2925 282 2938 .
327 2878 392 2940 Hoc
421 2879 570 2960 patefacto
601 2880 710 2945 indicio
737 2899 795 2944 rex
816 2881 974 2945 Persarum
1004 2900 1042 2946 eo
1072 2883 1161 2964 loco,
1191 2884 1221 2947 iu

123 3007 183 3070 quo
207 2990 284 3072 ignis
308 2989 405 3052 luerat
427 2992 617 3057 absconditus
641 3001 671 3058 et
692 3003 798 3077 postea
820 3001 939 3078 reperta
962 3002 1008 3058 est
1030 3014 1121 3077 aqua,
1143 3003 1220 3060 tem·

121 3104 200 3187 plum
223 3103 287 3167 lieri
310 3103 468 3184 mandavit,
495 3108 543 3169 cui
564 3108 770 3174 inserebantur
793 3109 872 3174 dona
893 3108 1027 3192 plurima.
1072 3107 1221 3192 Appella-

121 3223 230 3279 verunt
252 3223 350 3281 autem
373 3217 461 3298 illud,
492 3221 544 3301 qui
573 3230 659 3286 erant
688 3243 755 3286 cum
786 3230 890 3287 sancto
912 3223 1053 3302 Neemia‚
1085 3222 1220 3304 epbtbar,

122 3329 202 3411 quod
225 3331 498 3411 interpretationem
521 3333 609 3398 habet
631 3336 862 3419 purificationis:
894 3355 911 3399 a
933 3337 1068 3418 plurimis
1091 3335 1220 3417 nepbllre

121 3449 255 3505 vocatur.
301 3442 455 3506 invenitur
484 3451 581 3509 autem
610 3449 639 3510 in
670 3447 918 3530 descriptionibus
947 3448 1118 3511 Hieremiae
1145 3464 1221 3529 pro-

121 3553 231 3634 phetae
253 3553 333 3634 quod
355 3555 477 3619 iusserit
498 3559 636 3640 accipere
659 3559 699 3623 de
720 3561 792 3643 igne
815 3579 884 3639 eos,
919 3560 970 3641 qui
992 3566 1098 3642 postca
1120 3562 1223 3623 aeaut

122 3663 224 3728 futuri
268 3665 323 3728 llic
353 3675 400 3730 est
430 3669 525 3752 ignis,
556 3672 607 3753 qui
629 3673 737 3736 cecidit
757 3693 849 3758 super
871 3672 1048 3738 sacrificium
1071 3671 1172 3756 bloysi
1192 3678 1223 3735 ot

123 3777 308 3857 consumpsit
335 3776 425 3860 illud,
457 3783 535 3845 sicut
555 3784 697 3866 scriptum
721 3793 784 3850 estc
800 3783 833 3869 ²)
867 3785 951 3861 Qoio
974 3785 1075 3847 sciuit
1095 3785 1223 3868 ipniao

123 3888 249 3953 domino
282 3896 315 3951 ct
341 3893 535 3983 consumpsit
561 3896 728 3974 uniuerso,
763 3915 844 3978 quac
874 3875 967 3961 erem
995 3913 1093 3977 rom
1120 3897 1221 3961 altore

196 4126 224 4193 1)
243 4128 268 4181 2.
280 4128 391 4183 ldacealr.
413 4131 438 4198 l,
456 4130 499 4185 82.
569 4135 598 4201 2)
616 4135 696 4188 Lavit.
716 4135 743 4206 9,
761 4137 804 4193 24.
