2692 4666
370 303 416 358 DE
435 303 573 359 cuncus
592 303 817 359 ttttttstttoutttt
833 304 931 361 tusa
949 305 991 361 111.
1171 311 1233 390 183

122 466 294 544 videatur,
318 483 404 546 quarn
427 471 531 530 natura
550 465 688 529 suadere.
727 465 890 531 Servorum
904 402 1135 534 tame:occulla
1151 469 1237 550 lurta,

117 577 257 642 divitum
279 580 400 660 rapinae
422 579 567 660 publicae.

221 689 274 755 23.
319 693 396 766 Quid
418 700 591 756 antemium
611 701 716 757 contra
738 701 887 774 naturam,
911 712 998 775 quam
1020 696 1135 760 violare
1158 697 1237 760 alte·

129 825 200 869 rum
218 807 261 868 tui
281 803 428 869 commodi
452 821 559 884 causa,
582 823 727 886 cumpro
752 807 888 869 omnibus
912 806 1136 884 excubandum,
1159 808 1236 873 sub·

130 919 249 982 eundas
272 919 441 998 molestias,
464 918 685 1000 suscipiendum
703 920 837 982 laborem
857 919 998 982 naturalis
1019 919 1144 984 allectos
1159 922 1236 1013 porj·

132 1032 259 1095 suadeat
283 1038 312 1093 el
334 1032 500 1114 gloriosum
531 1032 692 1112 unicuique
719 1031 864 1111 ducatur,
895 1033 921 1094 si
944 1032 1084 1114 periculis
1105 1032 1235 1117 propt&
1263 1062 1268 1071 ·

133 1151 261 1226 quaerat
281 1145 491 1209 universorum
515 1145 752 1225 tranquillitatem
784 1145 967 1225 multumque
990 1146 1046 1207 sibi
1069 1145 1235 1234 unusquis·

133 1277 194 1341 quc
217 1259 378 1322 arbitretur
400 1258 531 1342 gratius,
564 1257 681 1321 excidia
703 1259 816 1340 patriae
838 1258 1023 1340 reppulisse,
1048 1278 1135 1340 mam
1158 1279 1235 1365 prp-

133 1373 198 1454 pria
215 1373 347 1454 pericula
366 1373 626 1454 praestantiusque
642 1390 710 1435 asse
727 1372 885 1451 existimet,
909 1373 989 1454 quod
1015 1391 1136 1455 operam
1151 1390 1235 1437 susm

134 1488 249 1568 patriae
270 1486 457 1568 inpenderit,
487 1506 574 1568 quam
597 1488 675 1548 siin
699 1489 760 1549 otio
785 1488 899 1568 positus
930 1466 1115 1568 tranquillam
1146 1478 1234 1575 vilsp

135 1600 318 1681 voluptatum
341 1600 436 1680 copiis
458 1598 577 1662 iunctus
600 1599 740 1681 egisset?
1124 1604 1127 1609 ‘

547 1797 725 1863 CAPUT
761 1796 822 1861 IV.

135 1931 184 1984 Ubi
212 1933 323 1982 strictius
347 1938 476 1983 ostensum
501 1938 540 1982 ast
564 1945 639 1996 cum,
663 1930 706 1998 qui
731 1928 857 1980 commodi
876 1930 914 1980 sui
933 1943 1010 1980 causa
1033 1936 1128 1981 noceat
1149 1929 1233 1997 altori,
1298 1976 1301 1991 ,

136 2036 230 2088 graves
249 2020 423 2071 conscientiae
442 2035 505 2071 suae
523 2034 622 2087 poenas
640 2019 767 2083 luiturum,
791 2018 927 2086 colligitur,
946 2017 989 2068 uni
1008 2015 1070 2067 utils
1088 2016 1149 2068 nihil
1167 2016 1236 2097 Q,

136 2107 207 2176 quod
237 2107 324 2159 itidem
349 2121 400 2158 non
424 2107 457 2158 sit
477 2107 611 2171 omnibus;
639 2114 714 2174 atqua
739 2106 805 2158 adeo
830 2106 977 2173 propositae
995 2120 1010 2155 a
1029 2102 1185 2172 philosophis
1200 2102 1236 2155 dc

135 2196 265 2264 naufragis
294 2194 391 2246 duobus
420 2196 563 2263 quaestioni
589 2194 672 2245 locum
699 2209 749 2246 non
774 2209 832 2246 osse
853 2192 918 2260 apud
945 2191 1117 2258 Christianos,
1144 2190 1236 2260 quibus

334 2283 429 2351 ubique
448 2283 541 2332 caritas
559 2289 635 2348 atquc
654 2281 781 2332 humilitas
800 2279 960 2332 exercendae
978 2286 1043 2330 sunt

224 2394 275 2461 24.
321 2398 396 2461 llinc
415 2414 490 2478 ergo
510 2396 662 2478 colligitur
684 2395 764 2476 qnod
787 2396 895 2473 homo,
919 2396 969 2476 qui
991 2394 1155 2457 secundum
1178 2411 1236 2455 na-

134 2521 221 2576 turae
252 2510 395 2574 formatus
425 2516 471 2572 est
502 2509 711 2588 directionem,
743 2515 776 2572 ut
806 2508 926 2572 obediat
953 2509 1000 2586 ei,
1032 2525 1145 2569 nocere
1175 2523 1236 2568 non

135 2627 233 2708 possit
254 2625 339 2687 alteri
347 2646 356 2701 3
384 2622 511 2706 quodsi
535 2624 583 2685 cui
605 2628 732 2701 noceat,
757 2628 890 2685 naturam
913 2619 1022 2699 violet,
1045 2638 1144 2702 neque
1167 2625 1236 2683 tan·

135 2748 197 2803 turn
222 2751 291 2803 esse
313 2738 476 2815 commodi,
499 2736 580 2818 quod
598 2736 721 2818 adipisci
739 2753 809 2799 sese
830 2740 929 2817 putet,
953 2740 1092 2815 qnantum
1116 2735 1236 2796 incom-

135 2853 237 2931 modi,
269 2852 349 2934 quod
373 2872 413 2915 ex
435 2872 473 2917 eo
496 2853 552 2915 sibi
582 2853 704 2916 accidat.
751 2853 835 2926 Quae
866 2851 943 2913 enim
975 2868 1072 2932 poena
1103 2851 1263 2934 gravior„

137 2968 232 3047 quam
249 2967 400 3031 interioris
424 2967 530 3030 vulnus
553 2967 778 3029 conscientiae?
816 2964 904 3039 Quod
927 2964 1065 3027 severius
1087 2963 1236 3040 iudicium,

136 3099 224 3161 qoam
247 3079 459 3158 domesticum,
482 3097 542 3160 quo
566 3079 769 3159 unusquisque
792 3078 848 3140 sibi
872 3083 918 3140 est
940 3093 1027 3154 rcus,
1054 3092 1149 3156 seque
1171 3075 1237 3154 ipse

70 3246 77 3255 .
136 3195 252 3276 arguit,
276 3193 365 3274 'quod
388 3193 523 3256 iniuriam
548 3192 631 3255 fratri
653 3192 775 3271 indigne
799 3191 930 3255 lecerit?
976 3189 1062 3263 Quod
1087 3207 1147 3251 nou
1169 3204 1237 3248 mc-

136 3306 279 3371 diocriter
307 3306 459 3388 Scriptura
488 3305 666 3369 condemnat
698 3306 819 3368 dicens:
847 3302 875 3388 ¹)
905 3304 958 3366 Ec
988 3321 1042 3365 ore
1070 3302 1238 3363 stultorum

136 3418 269 3480 baculos
296 3419 511 3480 contumelio-e.
559 3417 704 3480 Stultitiae
726 3417 817 3496 igitur
840 3414 1054 3478 condemnatur
1085 3412 1136 3495 qui
1157 3430 1237 3475 con-

136 3533 288 3594 tumeliam
322 3530 399 3594 lacit
450 3533 558 3594 Nonne
590 3532 648 3593 hoc
680 3531 778 3613 magis
806 3527 998 3610 fugiendum,
1030 3545 1118 3608 quarn
1145 3542 1237 3604 mors,

137 3664 225 3726 quam
249 3644 452 3726 dispendium,
475 3663 563 3727 quarn
587 3645 702 3725 inopia,
726 3661 814 3724 quam
837 3639 989 3720 exsilium,
1017 3657 1104 3720 quam
1128 3638 1238 3711 debilio-

136 3760 207 3820 tatis
223 3758 334 3822 dolor?
379 3759 454 3833 Ouio
469 3761 546 3821 enim
568 3759 670 3821 vitium
693 3758 831 3839 corporis
846 3761 895 3818 aut
912 3754 1077 3836 patrimonii
1101 3753 1238 3815 daumum

136 3871 318 3935 uon'levios
342 3872 430 3936 ducat
452 3872 524 3935 vitio
548 3872 635 3935 animi
659 3877 690 3933 et
712 3870 937 3936 existimationis
960 3865 1127 3952 dispendio.

210 4114 239 4185 1)
257 4115 331 4169 Prov.
352 4116 393 4180 ld,
412 4114 437 4168 3.
