2692 4666
371 338 417 392 DE
436 338 477 393 OF
479 335 572 392 ulcus
589 333 812 390 nnttstnonuu
829 333 925 388 LIBER
943 332 962 389 l.
1160 336 1211 407 Ι65

209 493 259 562 at.
304 499 578 585 Femntgentiles‚
600 501 685 564 utin
707 499 801 563 maius
825 497 923 560 omnia
946 495 1044 559 verbis
1068 493 1212 559 extollere

120 610 234 690 solent,
256 610 408 695 Archytae
424 614 575 677 Tarentini
598 614 706 677 dictum
728 612 913 694 philosophi,
936 608 1016 692 quod
1039 608 1075 674 ad
1096 607 1213 674 uilicum

121 741 207 787 suum
236 725 360 789 dixerit:
397 725 475 791 0te
496 728 665 808 infelicem,
699 746 785 809 quarn
809 725 1004 807 adflictarem,
1038 727 1095 789 nisi
1124 728 1214 790 iratus

121 840 238 903 esseml
283 834 343 906 dod
365 842 423 904 iam
447 841 540 905 David
564 848 593 904 ct
615 851 754 906 armatam
777 841 930 904 dexteram
961 843 991 904 in
1013 841 1216 926 indignatione

122 961 343 1036 conpresserat.
364 952 393 1038 ¹)
437 956 474 1018 Et
497 955 697 1037 quantoplus
721 961 849 1017 estnon
871 954 1102 1032 remaledicere,
1130 972 1217 1035 quarn

123 1084 185 1137 non
219 1069 399 1133 vindicare?
447 1069 484 1131 Et
512 1069 673 1133 bellatores
705 1070 850 1132 adversus
880 1068 973 1131 Nabal
1008 1067 1043 1130 ad
1076 1068 1218 1131 ultionem

123 1191 245 1265 paratos
274 1183 394 1268 Abigail
424 1183 634 1266 deprecatione
664 1192 867 1249 revocaverat.
923 1183 1007 1246 Unde
1039 1182 1218 1246 advertimus

124 1297 310 1377 tempestivis
344 1315 465 1378 quoque
499 1297 765 1360 intercessionibus
797 1314 859 1359 non
888 1295 982 1359 solum
1013 1295 1122 1359 cedere
1152 1314 1219 1375 nos,

124 1408 178 1471 sed
203 1412 289 1472 etiam
313 1410 456 1473 delectari
479 1417 628 1492 oportere.
673 1410 718 1474 Eo
742 1428 837 1492 usque
860 1417 958 1473 autem
981 1411 1144 1474 delectatus
1164 1417 1220 1491 cst,

124 1530 158 1586 ut
179 1525 373 1588 benediceret
401 1526 666 1605 intervenientem,
698 1526 779 1606 quod
802 1526 838 1587 ab
862 1524 959 1589 studio
992 1524 1141 1590 vindictae
1165 1543 1222 1589 re-

124 1642 251 1701 vocatus
273 1638 361 1702 soret.

220 1750 271 1817 95.
316 1755 375 1816 lam
399 1755 515 1820 dixerat
538 1757 575 1820 de
597 1759 722 1822 inimicis
746 1760 824 1822 suis:
842 1755 875 1843 ⁶²]
906 1758 1059 1834 Quoniam
1081 1758 1222 1821 declina-

124 1877 240 1932 verunt
269 1869 303 1930 in
334 1890 381 1931 ane
412 1871 623 1953 iniquitatem,
657 1883 686 1935 el
714 1875 747 1935 in
776 1874 829 1935 iro
861 1872 983 1936 molesti
1017 1880 1106 1934 erant
1138 1873 1221 1935 mibi.

126 1982 290 2046 Audiamus
319 1986 452 2047 turbatus
483 1986 512 2047 in
542 1987 586 2047 ira
617 1986 687 2067 quid
718 1985 842 2048 dixerit:
860 1981 892 2068 3)
928 1984 1006 2060 Quis
1038 1985 1123 2048 dubit
1148 1986 1223 2047 mibi

125 2114 252 2174 pennos
283 2097 366 2158 sicut
389 2096 564 2175 columboe,
598 2107 628 2160 et
648 2098 781 2177 volabo,
815 2106 845 2160 ct
866 2098 1080 2180 requiescam?
1123 2100 1165 2162 llli
1187 2099 1223 2163 ad

127 2208 309 2273 iracundiam
331 2212 548 2292 provocabant,
571 2213 618 2274 hic
642 2213 880 2295 tranquillitatem
902 2214 1037 2297 eligebat.

218 2323 270 2391 96.
295 2327 373 2410 ‚lam
397 2327 527 2391 dixerat:
544 2325 576 2412 ⁴)
603 2329 781 2391 Irascimini
804 2338 833 2391 et
853 2331 948 2392 nolite
966 2348 1109 2408 peccora.
1154 2327 1224 2391 Mo·

130 2441 203 2503 ralis
236 2434 394 2524 magister,
432 2443 481 2524 qui
514 2443 677 2505 naturalem
711 2442 850 2506 affectum
887 2442 1093 2507 inflectendum
1130 2444 1224 2527 magis

130 2556 248 2617 ratione
270 2555 436 2635 doctrinae,
459 2576 546 2638 quarn
570 2557 791 2640 exstirpandum
814 2563 953 2638 noverat,
975 2559 1098 2622 moralia
1121 2557 1223 2634 docet,

131 2667 276 2732 honest:
306 2671 466 2734 Irascimini
496 2672 547 2735 ubi
577 2673 662 2755 culpa
694 2680 757 2753 est,
786 2675 834 2736 cui
859 2674 947 2737 irasci
971 2672 1112 2737 debeatis.
1157 2673 1224 2737 Non

130 2791 233 2865 potest
255 2786 332 2847 enim
355 2785 434 2866 fieri,
466 2794 580 2850 utnon
603 2805 704 2850 rerum
725 2786 899 2871 indignitate
923 2806 1097 2851 moveamur
1104 2810 1113 2865 ;
1144 2788 1224 2852 alio-

132 2897 204 2979 quin
227 2916 288 2963 non
311 2901 421 2980 virtus,
449 2900 504 2964 sed
533 2902 676 2965 lentitudo
700 2909 730 2966 et
750 2903 886 2966 remissio
916 2902 1070 2966 iudicatur.
1115 2904 1225 2966 lrasci-

132 3013 204 3075 mini
227 3014 382 3097 ergo'ita,
404 3022 436 3078 ut
459 3036 475 3078 a
498 3017 584 3098 culpa
606 3017 785 3080 abstineatis.
831 3016 886 3080 Vel
909 3017 971 3079 sic:
1003 3017 1034 3082 Si
1055 3017 1225 3096 irascimini,

133 3127 226 3190 noble
248 3145 385 3210 peccare,
408 3128 462 3192 sed
484 3130 593 3193 vincite
615 3130 731 3194 ratione
754 3129 943 3194 iracundiam.
988 3131 1043 3193 Vel
1064 3136 1146 3192 certe
1167 3130 1224 3192 sic:

133 3241 164 3308 si
187 3242 362 3321 irascimini,
392 3244 482 3307 vobis
507 3245 683 3324 irascimini,
718 3245 786 3326 quia
815 3245 954 3308 commoti
985 3244 1074 3321 estis,
1107 3249 1136 3306 et
1164 3261 1225 3306 non

133 3343 304 3438 peccabitis.
349 3357 406 3430 Qui
437 3359 514 3421 enim
544 3359 600 3422 sibi
629 3360 779 3437 irascitur,
810 3360 878 3440 quia
901 3360 960 3422 cito
983 3364 1145 3420 commotus
1170 3363 1225 3436 est,

135 3468 244 3532 desinit
265 3470 354 3532 irasci
376 3471 477 3550 alteri3
500 3473 551 3554 qui
575 3479 672 3535 autem
694 3472 758 3534 vult
772 3472 845 3534 iram
861 3488 943 3534 suam
959 3474 1065 3536 iustam
1087 3473 1225 3554 probare,

134 3583 200 3666 plus
230 3582 424 3647 inflammatur
452 3592 482 3646 et
511 3585 570 3648 cito
601 3585 630 3646 in
660 3584 774 3666 culpam
805 3583 888 3647 cadit.
932 3584 1039 3649 Melior
1062 3591 1226 3648 astantem

136 3695 300 3761 secundnm
322 3696 526 3779 Salomonem,
543 3695 575 3783 ὁ)
606 3700 656 3781 qui
677 3698 858 3761 nacundiam
888 3701 1034 3780 continet,
1067 3718 1153 3781 quam
1176 3700 1227 3781 qui

135 3812 240 3876 urbem
262 3812 357 3893 capit,
380 3813 448 3893 quia
469 3813 513 3874 ira
536 3812 624 3874 etiam
646 3809 741 3875 fortes
764 3810 881 3893 decipit.

207 4087 280 4160 1)1.
304 4087 368 4160 llag.
393 4088 493 4157 amsa
514 4106 568 4160 seq.
667 4091 696 4156 2)
720 4089 811 4145 Psalm.
832 4089 921 4157 54,AE
1018 4091 1048 4161 3)
1071 4091 1134 4146 lbid.
1155 4109 1180 4145 v.
1201 4091 1226 4144 ¹7.

136 4175 167 4245 l)
188 4173 279 4232 Psalm.
297 4179 324 4247 4,
342 4178 367 4233 5.
454 4179 485 4250 5)
501 4177 577 4233 Prov.
596 4177 639 4245 16,
658 4177 699 4232 32.

208 4274 369 4329 Aurasius.
1000 4273 1020 4342 5
