2692 4666
191 331 234 397 pp
640 330 665 383 s.
683 330 838 387 nunaosn

277 487 327 556 97.
372 488 487 555 (lavere
516 491 606 576 igitur
636 491 796 574 debemus,
827 512 865 557 ne
888 494 917 555 in
941 493 1179 574 perturbationes
1200 495 1283 575 prius

187 605 364 687 incidamus
399 625 487 689 quam
519 608 632 673 animos
665 614 786 672 nostros
821 608 897 672 ratio
933 616 1102 691 conponat3
1137 609 1285 672 exanimat

191 723 269 787 enim
291 729 418 786 mentem
441 722 614 805 plerumque
636 728 686 785 ant
700 724 744 786 ira
762 729 814 785 aut
836 723 922 787 dolor
945 730 996 786 aut
1018 722 1145 787 formido
1168 723 1283 803 mortis,

191 845 221 901 et
242 839 394 919 inproviso
417 838 552 920 percellit
573 838 641 900 ictu.
685 836 758 901 ldeo
780 839 958 918 praevenire
980 837 1134 920 pulcbrdtn
1158 844 1205 901 est
1227 856 1283 902 co-

189 952 342 1036 gitatione,
365 971 442 1034 quae
465 952 614 1017 volvendo
637 959 765 1014 mentem
789 958 940 1031 exerceat,
963 970 1002 1014 ne
1017 952 1181 1034 repentinis
1197 953 1284 1015 exci-

189 1073 268 1156 tetur
299 1068 560 1148 commotionibus,
592 1066 647 1131 sed
677 1068 749 1150 ingo
781 1065 910 1148 quodam
944 1066 1068 1129 rationis
1099 1071 1138 1137 et,
1160 1066 1283 1131 habam

190 1179 331 1246 adstricta
352 1182 494 1246 mitescat

577 1453 748 1520 CAPUT
781 1452 891 1520 ΧΧΠ.

192 1618 232 1671 Da
252 1619 448 1688 cogitationibus
466 1627 493 1671 et
510 1620 637 1688 appetitu,
664 1620 747 1689 deque
766 1619 860 1670 decoro
887 1620 1009 1671 sermonis
1033 1619 1059 1670 in
1077 1616 1284 1671 contabulatione

539 1722 570 1758 ac
588 1705 776 1774 disceptatione
795 1706 930 1758 servando.

277 1866 328 1934 98.
373 1867 446 1934 Sunt
474 1875 572 1930 autem
601 1867 710 1951 gemini
740 1873 854 1947 motus,
888 1867 948 1930 hoc
974 1874 1035 1946 est,
1070 1866 1283 1948 cogitationum

189 1988 220 2046 st
242 1983 405 2065 appetitus3
428 1981 513 2044 alteri
536 1980 763 2062 cogitationum,
787 1979 870 2041 alteri
892 1981 1052 2060 appetitus,
1075 1997 1136 2042 non
1155 1979 1282 2061 confusi,

188 2095 245 2160 sed
261 2095 384 2158 discreti
399 2102 430 2157 et
444 2094 587 2176 dispares.
626 2093 829 2175 Cogitationes
851 2111 955 2156 uerum
978 2093 1137 2174 exquirere
1153 2101 1184 2157 et
1198 2095 1283 2175 quasi

189 2210 322 2283 emolere
345 2210 474 2272 muneris
497 2208 606 2270 habeut
613 2230 621 2284 3
647 2208 792 2289 appetitus
814 2206 853 2268 ad
868 2206 976 2289 aliquid
998 2208 1112 2289 inpellit
1133 2207 1282 2292 agendum

189 2331 277 2405 atque
300 2324 416 2386 excitat.
461 2323 561 2402 ltaque
584 2323 651 2404 ipso
673 2339 788 2405 genere
810 2327 933 2384 naturae
948 2339 1022 2385 suae
1038 2331 1068 2385 et
1083 2322 1281 2406 cogitationes

188 2437 424 2520 tranquillitatem
447 2436 607 2500 sedationis
633 2435 792 2499 infundunt
815 2443 845 2499 et
867 2437 1014 2518 appetitus
1037 2443 1147 2500 motum
1170 2436 1280 2519 agendi

190 2554 308 2616 excutit
352 2552 393 2615 lta
417 2570 492 2635 ergo
515 2551 795 2629 informabimus,
824 2558 858 2616 ut
878 2552 1024 2614 bonarum
1053 2568 1153 2614 rerum
1176 2551 1282 2614 subeat

188 2671 315 2731 animum
344 2665 501 2749 cogitati03
532 2666 676 2747 appetitus
704 2664 812 2727 rationi
843 2664 1028 2746 obtemperet
1055 2659 1100 2746 (si
1131 2682 1222 2745 vere,
1250 2668 1282 2726 nt

188 2780 259 2843 illud
282 2779 423 2842 decorum
446 2775 664 2855 custodiamus,
696 2776 823 2839 animum
854 2776 990 2840 volumus
1020 2773 1210 2862 intendere),
1242 2794 1282 2840 ne

188 2893 332 2957 rationem
361 2891 499 2956 excludat
520 2891 565 2954 rei
587 2890 711 2954 aliorum
736 2889 879 2967 allectus3
908 2891 961 2954 sed
983 2891 1059 2954 ratio
1083 2892 1155 2972 quid
1179 2893 1281 2958 bone-

187 3005 255 3069 stati
276 3004 435 3068 conveniat
458 3004 614 3066 examinet.

275 3113 327 3183 99.
373 3117 409 3180 Et
432 3118 571 3200 quoniam
592 3116 629 3180 ad
653 3119 911 3183 conservationem
940 3118 1043 3189 decori
1073 3127 1210 3202 spectare
1233 3119 1282 3182 di-

187 3234 301 3313 ximus,
323 3239 355 3296 ut
377 3232 505 3296 sciamus
528 3232 558 3294 in
581 3231 666 3296 lactis
690 3232 815 3297 dictisve
838 3234 905 3315 quis
928 3233 1052 3313 maduo,
1078 3235 1161 3317 prior
1184 3241 1282 3299 autem

188 3346 263 3413 ordo
286 3345 443 3428 loquendi,
466 3364 554 3426 quam
576 3345 702 3409 faciendi
727 3353 789 3424 est3
813 3365 913 3411 sermo
934 3348 965 3410 in
988 3346 1048 3411 duo
1070 3346 1228 3429 dividitur,
1250 3348 1283 3411 in

188 3462 375 3544 conloquium
390 3459 534 3525 familiare
549 3467 578 3523 et
598 3463 628 3524 in
644 3466 797 3525 tractatum
813 3460 1118 3542 disceptationemque
1140 3460 1211 3524 lidei
1232 3467 1281 3525 at-

187 3594 246 3656 que
268 3575 403 3639 iustitiae.
446 3571 479 3634 ln
495 3579 623 3654 utroque
646 3574 835 3653 servandum,
857 3591 896 3636 ne
916 3575 953 3636 sit
972 3574 1069 3655 aliqua
1084 3575 1281 3655 perturbatio,

187 3691 241 3756 sad
264 3699 409 3772 tamquam
431 3688 509 3750 mitis
528 3693 557 3749 et
572 3687 706 3769 placidus
730 3693 759 3749 et
780 3685 1001 3750 benivolentiae
1023 3687 1130 3770 plenus
1153 3694 1184 3751 ct
1204 3706 1281 3773 gra·

187 3807 246 3868 tiae
276 3806 341 3868 sine
370 3803 428 3865 ulla
456 3819 555 3865 sermo
586 3801 710 3865 dueatur
738 3801 923 3865 contumelia.
969 3801 1055 3866 Absit
1084 3803 1224 3885 pertinax
1249 3805 1281 3866 in

188 3915 322 3981 familiari
343 3933 482 3979 sermone
511 3916 662 3978 contentio
674 3935 684 3992 ;
715 3915 907 3996 quaestiones
930 3915 1007 3978 enim
1030 3917 1124 4000 magis
1148 3916 1280 3980 excitare

188 4031 308 4112 inanes,
339 4048 426 4113 quam
449 4027 579 4101 utilitatis
602 4027 711 4111 aliquid
737 4027 857 4091 adferre
878 4027 966 4092 solet.
1010 4028 1190 4113 Disceptatio
1213 4031 1280 4095 sina

188 4144 248 4225 ira,
281 4144 411 4210 suavitas
442 4143 507 4208 sine
541 4143 733 4209 amaritudine
768 4144 823 4224 sit,
856 4143 979 4209 monitio
1012 4144 1092 4223 sine·
1109 4144 1279 4229 asperitate,
