2692 4666
518 336 564 390 AD
583 336 608 391 S.
628 334 829 390 111111110811111.
1159 341 1243 405 405’

194 501 218 559 §.
233 496 281 561 90,
303 497 326 548 1.
348 499 505 551 deoreneioto
525 493 560 548 Bn
581 505 606 548 et
625 495 679 575 bie,
705 498 765 547 item
790 495 849 575 edd.
871 493 926 548 cu.
947 496 1051 549 Amerb.
1070 503 1226 566 ceteraeque

822 577 831 605 i

123 605 263 670 Romanurn
282 619 474 670 antecedentes.
512 618 574 670 Tum
592 578 665 701 feteo}
684 621 833 704 testimonie
851 630 953 673 terrore
971 620 1026 685 tta,
1055 623 1126 688 (oleo
1145 615 1228 674 1000·-Ι

122 727 206 777 monii
224 734 324 777 terrore
344 722 389 773 Db.
428 723 451 772 2.
471 725 607 777 videretur
622 723 653 773 W
673 731 699 773 et
715 739 755 790 pr.
771 721 819 774 tta.
858 723 922 776 Dein
941 728 1052 795 urpoeri
1071 724 1110 776 W.
1129 722 1180 775 Boc
1200 734 1227 776 et

123 828 162 878 pr.
178 811 226 874 tta,
245 813 338 881 strpere*
355 809 411 860 rell.
432 811 516 877 scripti
536 818 561 862 ct
581 810 649 862 editi.
688 810 745 862 biox
763 815 901 880 obprobrio
922 812 995 864 codd.
1015 828 1103 863 omnes
1119 829 1146 863 c.
1165 813 1225 864 edd.

125 897 181 950 Coi.
202 907 277 966 etque
298 898 383 962 otei..
412 902 554 968 opprobrio
581 899 640 950 edd.
661 897 716 950 rell.
754 898 789 949 ito
817 907 842 949 et
864 898 881 949 1.
901 916 957 969 seq.
977 899 1035 951 libri
1058 917 1117 951 mss.
1137 914 1225 960 ornnes

124 995 233 1054 excepto
261 984 296 1037 De
321 985 380 1036 dent
406 988 590 1054 obprobrium,
619 985 681 1036 editi
707 993 790 1035 eutem
816 989 995 1055 opprobrium.
1032 985 1088 1037 vio.
1108 986 1140 1036 od
1160 983 1179 1035 1.
1200 985 1224 1037 2.

124 1074 221 1140 §.e‚8
241 1083 265 1124 et
285 1072 358 1123 alibi.
389 1073 414 1122 4.
437 1088 562 1140 compro
583 1076 644 1127 dum
663 1081 689 1122 et
707 1070 792 1139 bseq·
811 1074 894 1125 eiiam
913 1077 991 1126 etiem
1005 1071 1049 1124 Bb.
1086 1072 1110 1122 6.
1128 1074 1224 1143 peita-

122 1165 208 1214 oiseet
227 1159 266 1210 W.
288 1159 328 1209 bib
356 1167 381 1209 et
405 1174 444 1224 pr.
464 1157 518 1222 tta,
542 1162 682 1227 'peptoeoet
699 1157 808 1226 ttcdetg.
846 1156 912 1209 Dein
937 1177 991 1212 ereo
1015 1169 1067 1213 tom
1092 1175 1146 1226 pn,
1173 1177 1226 1212 noes

123 1235 217 1318 ”niam
235 1280 250 1315 e
270 1279 335 1314 corr.
356 1280 376 1313 r.
397 1278 429 1313 m.
450 1261 504 1325 Bb,
530 1280 584 1315 enee
603 1271 675 1316 teoto
692 1264 722 1314 ei
741 1260 784 1313 Be.
831 1263 856 1314 8.
877 1267 1028 1318 coacuisset
1045 1263 1085 1315 W.
1130 1263 1154 1314 9.
1172 1280 1226 1317 non

121 1361 206 1422 potest
223 1352 368 1406 essentiis
381 1348 412 1398 W
425 1356 451 1400 et
466 1348 567 1416 biobeig
586 1365 633 1399 uns
650 1364 710 1429 eum
732 1349 790 1400 edd.
805 1349 920 1428 Amerb3
931 1351 1073 1419 ceterisque
1087 1349 1225 1401 bieurinoor

122 1455 349 1518 antecedentibus,
377 1471 430 1506 eoo
454 1463 540 1522 potest
563 1457 627 1507 otiis
652 1471 713 1507 esee
732 1453 797 1504 bied.
835 1453 893 1505 bion
911 1431 1001 1509 'notite
1027 1454 1069 1522 (in
1089 1457 1119 1508 ab
1139 1455 1170 1505 al.
1190 1470 1223 1506 os.

122 1545 264 1610 supensos.)
285 1542 332 1593 bis.
371 1538 438 1592 Dein
463 1545 576 1610 conpteoe
595 1558 616 1593 e.
637 1541 679 1594 od.
700 1539 754 1593 eot.
774 1542 878 1594 codices
898 1541 935 1594 W.
957 1541 992 1594 Bc
1013 1551 1039 1594 et
1056 1559 1095 1610 pr.
1114 1543 1169 1608 bio,
1199 1546 1225 1597 io

122 1644 174 1695 quo
192 1629 336 1695 posteriore
355 1644 375 1679 r.
394 1642 426 1677 m.
448 1643 524 1695 supro
543 1627 636 1680 adiecit
654 1645 705 1696 oe,
731 1627 798 1679 unde
818 1628 857 1679 bie
876 1633 1051 1698 complexus,
1070 1629 1105 1682 Bn
1124 1638 1150 1682 et
1168 1631 1224 1682 biod

122 1714 237 1768 scribent
260 1717 381 1786 sempter
399 1725 439 1770 eet
457 1720 613 1771 innocentie.
650 1715 698 1768 Pro
717 1721 842 1772 utilitatis
861 1717 900 1770 bio
917 1734 956 1786 pr.
977 1718 1087 1771 babebat
1106 1723 1223 1774 utilitati.

608 1853 669 1924 Cep.
688 1855 741 1910 XV.

193 1966 218 2027 §.
232 1963 275 2027 91,
289 1961 313 2015 1.
333 1967 422 2033 fetor
440 1965 509 2033 opud
527 1965 645 2016 retberes
659 1957 759 2031 bibcdg.
798 1962 920 2030 Respexit
938 1962 1034 2015 Noster
1053 1965 1109 2020 Oie.
1129 1964 1161 2017 de
1180 1965 1223 2020 011.

121 2049 164 2100 111.
179 2050 221 2102 22.
242 2079 274 2088 -
293 2048 371 2102 2-3.
390 2067 421 2104 se
438 2053 562 2104 daturum
582 2047 626 2100 Db.
663 2051 688 2101 4.
707 2051 861 2121 susciperet
874 2048 905 2099 W
924 2058 950 2101 et
968 2066 1005 2117 pr.
1019 2051 1066 2102 bin.
1103 2052 1129 2103 5.
1148 2056 1225 2107 sentiit

122 2135 156 2184 W
173 2143 198 2186 et
216 2153 253 2204 pr.
267 2137 313 2191 tta.
351 2137 377 2190 10
397 2137 413 2189 i.
434 2139 588 2205 petuntiebot
601 2136 639 2187 W.
655 2135 709 2188 bine
728 2145 753 2188 et
769 2135 813 2202 Be,
832 2140 994 2207 pouneiobat
1011 2138 1059 2204 Bh,
1077 2158 1222 2209 pectione.

123 2224 166 2275 ed.
185 2224 252 2276 bled.
271 2242 293 2276 c.
314 2225 431 2289 bmerD,
459 2241 586 2293 probetne.
607 2220 679 2287 cot..
706 2241 835 2293 preeunte.
855 2223 891 2275 Bo
916 2233 942 2274 et
960 2224 1018 2293 big,
1044 2229 1105 2280 item
1124 2226 1222 2280 Erosm.

123 2309 193 2362 Cost.
212 2311 321 2376 Piston,
338 2316 524 2382 pronuntiabat
542 2318 614 2362 recte
633 2311 713 2363 ceteri
732 2311 788 2363 iibri
808 2297 940 2380 et'sceipti
959 2322 986 2364 et
1005 2316 1073 2366 editi.

227 2400 254 2452 Ρ.
274 2399 335 2451 207.
469 2396 472 2402 ’
1222 2450 1225 2457 .

194 2491 218 2553 §.
238 2488 288 2553 92,
310 2488 331 2538 1.
352 2505 474 2557 promam
492 2504 530 2555 pr.
550 2486 590 2536 W.
635 2487 659 2537 3.
680 2497 703 2540 et
721 2491 839 2562 extendit
857 2486 908 2553 Bc,
934 2500 964 2543 ot
982 2493 1130 2545 oeteroderit
1148 2490 1179 2541 W
1198 2502 1225 2545 et

122 2593 160 2644 pr.
180 2575 227 2628 tta.
274 2577 298 2627 4,
324 2579 353 2628 in
377 2579 509 2645 seripuine
526 2572 567 2624 W.
604 2573 669 2625 Dein
695 2592 834 2644 omnesque
857 2575 952 2628 ibidem
979 2575 1010 2628 ob
1034 2593 1053 2628 r.
1073 2595 1104 2629 rn.
1129 2596 1222 2646 euper-

122 2684 252 2749 scriptum‚
272 2699 362 2735 omnes
382 2698 480 2750 quoque
499 2678 576 2730 babet
589 2678 633 2729 Da.
671 2679 695 2730 6.
713 2656 844 2748 perteta'b
863 2683 893 2746 (e
906 2680 937 2730 ob
951 2682 982 2735 al.
997 2698 1028 2733 ru.
1043 2698 1117 2751 supro
1132 2684 1223 2748 ecidit.)

121 2771 170 2834 W,
196 2773 331 2838 periebant
349 2768 424 2818 etiem
445 2765 565 2818 blobcdef
581 2773 606 2817 ct
625 2764 671 2816 Bb.
710 2765 893 2819 6001001111.
915 2768 936 2818 1.
963 2772 987 2833 §.
1009 2770 1083 2834 3,1.
1127 2770 1152 2821 8.
1173 2789 1222 2824 ca..

121 2864 228 2924 dentes,
256 2867 283 2908 ut
308 2865 369 2908 vett.
396 2856 454 2907 edd.
481 2871 503 2906 0.
522 2853 618 2906 Erosm.
644 2853 752 2917 babent,
782 2855 870 2906 scribit
889 2854 928 2906 W.
964 2855 1001 2907 Ite
1027 2874 1064 2924 pr.
1090 2858 1224 2925 legebatur

122 2948 198 2998 etiem
218 2946 241 2994 in
262 2943 312 3006 tta,
331 2945 355 2993 in
377 2930 468 3012 quor.
488 2959 521 2993 rn.
541 2958 555 2994 e
575 2946 695 2996 cudentes
716 2942 811 2994 effinxit
828 2953 969 3007 nectente-e,
989 2946 1057 3013 qood
1077 2947 1178 3013 irrepsit
1197 2949 1222 2999 in

122 3043 224 3086 ceteros
252 3033 363 3085 bionoee.
408 3031 479 3083 Hauc
506 3030 594 3082 taleam
620 3030 755 3085 lectionem
782 3031 902 3099 probavit
927 3029 1074 3096 Costerins3
1102 3032 1223 3086 Pistorios

120 3108 206 3171 ¹outern
226 3122 250 3170 in
270 3136 319 3187 neg.
339 3121 437 3181 reiecit,
457 3120 481 3169 in
499 3127 594 3169 textum
614 3118 738 3170 invehens
757 3124 886 3173 enitentes.
920 3118 1019 3186 Optime
1032 3119 1136 3171 binurini
1153 3139 1221 3176 capr.

121 3212 226 3270 1100100,
253 3207 320 3275 quod
347 3209 452 3274 egregie
477 3207 625 3257 confirment
650 3206 725 3257 codd.
746 3205 830 3271 eabe,
859 3214 885 3256 et
908 3209 943 3257 ito
968 3209 1149 3259 emendaverat
1172 3211 1223 3260 iom

121 3298 247 3349 Latinius
266 3292 384 3344 biblioth.
403 3309 467 3345 seer.
488 3302 513 3345 et
533 3293 598 3360 proi.
618 3293 634 3344 1.
655 3310 676 3344 0.
722 3295 746 3345 9.
766 3297 840 3361 ipos,
867 3294 934 3362 quod
957 3296 982 3344 in
1002 3294 1041 3347 bin
1061 3305 1162 3348 enatum
1185 3305 1224 3348 est

121 3398 154 3433 ex
177 3386 280 3450 190οι0,
308 3383 363 3432 sine
389 3383 579 3448 praepositione
608 3398 663 3432 curn
689 3382 780 3432 eodem
806 3381 871 3431 iibro
898 3381 1018 3433 exhibent
1036 3381 1107 3432 ttcet
1129 3391 1154 3434 et
1176 3381 1222 3448 Bb,

120 3473 197 3539 ipone
218 3468 290 3531 bibe,
318 3455 394 3537 ipseov
417 3472 520 3538 poeninae
539 3469 587 3537 ttg.
624 3468 684 3520 Tum
710 3479 767 3522 erat
788 3468 819 3518 W
844 3478 869 3520 et
892 3486 930 3536 pr.
952 3469 990 3522 tta
1015 3471 1107 3522 mendo
1133 3473 1157 3522 in
1184 3472 1223 3524 bis

120 3555 192 3606 libris
211 3570 261 3605 non
281 3554 445 3623 infrequenti.
492 3555 532 3608 10.
553 3561 658 3626 Moyseo
677 3572 727 3607 orn.
747 3555 791 3607 Dc.
837 3555 862 3606 L.
882 3573 936 3625 seq.
954 3567 1035 3626 potue
1053 3559 1163 3625 soiitoo]
1186 3559 1222 3610 lta

120 3642 161 3692 W.
184 3641 302 3709 Melicdig
322 3650 347 3693 et
366 3641 417 3693 Bne
438 3658 485 3693 uno
505 3659 562 3693 cunr
580 3642 638 3694 edd.
661 3640 716 3694 cor.
737 3651 812 3710 etque
833 3641 910 3708 bled,
928 3646 1023 3697 uetitos
1041 3655 1120 3712 potue
1140 3644 1177 3698 Db
1196 3655 1223 3698 et

122 3727 180 3779 edd.
200 3727 257 3779 reti.
295 3726 360 3778 biolo
378 3740 474 3797 portos
492 3732 588 3783 soiitos
608 3712 667 3780 blei4
724 3744 727 3750 ’

193 3820 208 3882 §
230 3815 273 3881 93,
289 3814 315 3867 3.
335 3833 409 3869 otone
427 3821 631 3887 prienopeoitum
650 3819 834 3886 Aepyptiornm
852 3815 891 3868 W.
911 3815 1025 3867 Monncc.
1046 3825 1072 3869 et
1090 3817 1125 3868 Be
1145 3820 1221 3870 item·

121 3920 172 3971 que
191 3903 248 3954 edd.
266 3902 367 3955 Amerb.
388 3910 414 3954 ct
431 3913 533 3956 ceteros
551 3912 610 3954 onte
630 3903 707 3955 binus.
726 3919 824 3966 omnes,
844 3907 960 3973 Aspypti,
981 3905 1049 3972 quod
1068 3915 1222 3972 receperunt

121 3991 243 4054 bieurini,
272 3999 355 4042 exetnt
378 3993 403 4043 iu
430 3991 507 4043 codd.
529 3991 582 4043 Dbc
606 4001 632 4043 et
660 3994 719 4043 edd.
741 3990 796 4043 cot.
817 4001 892 4060 etque
913 3991 979 4042 Med.
1017 3992 1071 4044 Nec
1092 3993 1222 4062 discrepet

122 4078 257 4129 Giibertus.
295 4078 492 4130 Proeierendurn
518 4081 617 4147 quidem
642 4080 742 4132 videtur
767 4083 952 4150 Aepyptiorom
978 4078 1011 4130 ob
1035 4096 1145 4148 sequens
1163 4085 1219 4134 He-

122 4171 275 4232 broeorom3
303 4167 395 4225 retinui
422 4175 505 4222 tomen
531 4173 654 4242 aeqypto,
685 4168 751 4244 quod
779 4168 898 4222 conuenit
924 4184 978 4223 corn
1006 4166 1119 4224 Graeco:
1146 4164 1222 4236 κύριος
