2692 4666
151 328 215 393 180
599 329 625 383 S.
644 330 799 385 innuosa

148 487 212 549 aliis
244 487 389 568 consulit,
424 490 502 556 sicut
523 490 635 570 iustus,
669 492 789 572 quando
821 492 941 574 quidem
970 511 1098 558 consors
1128 497 1177 559 sui
1205 502 1252 560 est

147 603 302 685 utriusque
325 602 419 668 ionna
442 605 566 668 virtutis.

558 813 731 880 CAPUT
765 814 824 879 ΙΙΙ.

143 962 364 1018 Praemissum'de
382 977 432 1013 non
455 961 602 1030 quaerendo
628 963 730 1028 proprio
756 961 926 1014 emolumento
950 972 1115 1031 praeceptum
1138 977 1249 1036 urgetur

142 1056 248 1122 primum
267 1069 281 1103 a
300 1048 393 1102 Christi
411 1049 546 1114 exemplo,
572 1056 623 1099 mm
642 1048 675 1099 ah
694 1050 904 1116 interpretatione
928 1053 1051 1113 nominis,
1080 1054 1193 1124 denique
1212 1057 1245 1109 ab

141 1143 194 1209 ipsa
221 1140 389 1191 membrorum
417 1137 497 1186 iorrrra
520 1143 546 1186 et
568 1137 662 1188 usibus.
699 1135 772 1188 Unde
800 1139 911 1189 ostendit
936 1154 1011 1208 quam
1038 1139 1192 1210 flagitiosum
1212 1147 1246 1198 sit

141 1229 240 1281 alienae
258 1226 357 1278 utilitati
378 1222 523 1287 detrahere,
545 1238 603 1274 curn
622 1223 670 1274 hoc
688 1223 788 1275 scelere
809 1225 928 1277 naturalis
946 1227 986 1277 lex
1005 1243 1087 1296 aeque
1106 1245 1138 1280 ac
1158 1232 1243 1283 divina

139 1317 251 1369 violetur
268 1323 343 1383 atque
361 1314 464 1378 iusuper
484 1310 545 1362 illud
573 1311 716 1376 amittatur,
745 1327 796 1380 quo
825 1321 980 1379 praestamus
1006 1317 1098 1367 ceteris
1123 1320 1243 1370 animan-

174 1404 257 1468 tihus,
283 1401 315 1453 ad
333 1408 486 1468 postremum
505 1397 577 1467 leges
596 1399 684 1450 civiles
703 1414 759 1449 cum
778 1416 875 1451 summa
893 1399 995 1453 infamia
1014 1404 1206 1459 conculcentur.

229 1523 277 1588 15.
324 1524 355 1588 Si
388 1525 454 1605 quis
488 1522 577 1604 igilur
613 1523 674 1586 vuli
707 1524 828 1605 placere
863 1527 1015 1609 omnibus,
1049 1548 1105 1611 per
1141 1532 1241 1594 omnia

138 1645 262 1722 quaerat
281 1656 341 1700 non
362 1636 442 1719 quod
465 1636 521 1699 sibi
544 1636 631 1716 utile,
654 1638 708 1700 sed
733 1638 812 1720 quod
836 1641 951 1720 multis,
975 1642 1051 1704 siout
1074 1644 1240 1723 quaerebat

137 1759 168 1816 et
189 1750 305 1814 Paulus.
351 1750 415 1812 Hoc
450 1757 495 1812 est
526 1750 604 1812 enim
638 1750 819 1815 conformari
844 1753 978 1816 Christo:
1013 1755 1142 1817 alienum
1176 1774 1238 1820 non

136 1882 304 1947 quaerere,
334 1862 404 1924 nihil
437 1861 522 1924 alteri
553 1861 731 1943 detrahere,
762 1871 795 1927 ut
824 1864 959 1947 adquirat
989 1868 1059 1931 sibi..
1100 1867 1236 1932 Christus

134 1981 212 2044 enim
242 1977 379 2041 dominus
409 1994 474 2037 oum
499 1981 580 2037 esset
601 1976 631 2038 in
655 1974 702 2037 dei
726 1975 838 2056 forma,
856 1975 887 2060 ¹)
904 1974 907 1983 '
923 1981 1086 2042 exinanivit
1114 1999 1169 2060 se,
1204 1987 1237 2044 ut

133 2092 259 2157 formam
281 2091 449 2172 susciperet
471 2088 616 2167 hominis,
639 2107 727 2169 quam
749 2108 873 2171 operum
893 2108 1016 2156 suorum
1037 2072 1236 2175 locupletaret

130 2206 295 2270 virtutibus.
341 2205 387 2267 Tu
409 2221 485 2285 ergo
506 2204 617 2284 spolias
648 2221 735 2284 quem
761 2204 895 2267 Christus
918 2204 1036 2269 induit?
1074 2208 1120 2270 'lu
1147 2209 1233 2271 exuis

130 2338 219 2401 quem
241 2319 362 2381 vestivit
385 2316 545 2380 Christus?
590 2318 654 2381 lloo
677 2321 754 2383 enim
777 2319 859 2403 agis,
886 2318 1005 2402 quando
1028 2319 1151 2384 alterius
1173 2320 1232 2384 de·

128 2432 268 2496 trimento
291 2438 340 2495 lua
364 2430 519 2494 commoda
542 2448 655 2513 augere
678 2434 803 2514 expetis.

219 2544 268 2612 16.
315 2545 497 2624 Considera,
534 2562 553 2608 o
582 2544 688 2624 homo,
721 2545 803 2609 unde
834 2566 944 2610 nomen
978 2548 1160 2629 sumpserim
1194 2548 1231 2611 ab

126 2661 216 2724 humo
239 2661 360 2742 utique,
393 2678 471 2740 quae
493 2659 564 2722 nihil
591 2660 728 2741 cuiquam
750 2660 851 2743 eripit,
886 2661 941 2726 sed
974 2662 1071 2725 omnia
1102 2662 1230 2746 largitur

127 2776 264 2839 omnibus
287 2781 317 2837 et
339 2773 476 2836 diversos
499 2772 529 2835 in
551 2791 637 2835 usum
660 2774 790 2837 omniurn
817 2775 1006 2838 animantium
1030 2774 1229 2854 fructus-mi-

125 2888 238 2951 nistrat.
282 2886 353 2949 lade
376 2886 522 2969 appellata
543 2887 709 2950 humanitas
732 2887 871 2969 specialis
894 2895 924 2952 et
947 2890 1111 2953 domestica
1134 2873 1228 2969 vlnus

124 2998 271 3078 hominis,
294 3018 372 3081 quae
395 3006 567 3064 consortem
590 2999 718 3064 adiuvet.

213 3110 262 3176 17.
306 3113 373 3195 lpsa
402 3118 432 3174 te
464 3108 571 3173 doceat
602 3111 696 3174 forma
730 3111 772 3174 tui
798 3113 934 3195 corporis
966 3114 1227 3194 membrorumque

122 3243 205 3291 usus.
250 3222 399 3307 Numquid
432 3225 595 3286 membrum
622 3231 704 3288 tuum
733 3225 855 3290 alterius
885 3228 1010 3290 membri
1041 3225 1140 3290 officia
1171 3226 1225 3289 sihi

122 3339 270 3418 vindicat,
303 3345 352 3400 aut
375 3335 480 3399 oculos
511 3336 640 3401 officium
673 3340 751 3417 oris,
782 3347 832 3403 aut
855 3358 891 3404 os
914 3341 994 3404 oculi
1017 3338 1149 3404 officium
1170 3339 1224 3402 sihi

121 3453 268 3531 vindicat,
302 3456 352 3514 aut
382 3469 486 3514 uranus
516 3450 626 3534 pedum
656 3452 867 3532 minislerium,
900 3459 950 3516 aut
974 3470 1029 3535 pes
1059 3451 1224 3517 manuum?

121 3566 199 3641 Quin
222 3566 309 3628 etiam
332 3563 416 3646 ipsae
447 3582 551 3629 manus
578 3565 703 3628 dextera
726 3585 761 3629 ac
783 3567 902 3631 sinistra
933 3566 1084 3648 dispartita
1115 3565 1226 3629 habent

122 3677 220 3743 officia
243 3679 405 3759 pleraque,
437 3683 483 3756 ut,
513 3679 539 3741 si
561 3698 648 3743 usum
672 3685 835 3742 commutes
856 3679 1030 3761 utriusque,
1064 3676 1224 3741 adversum

121 3798 257 3854 naturam
280 3790 334 3869 sit;
365 3791 507 3872 priusque
530 3798 622 3855 totum
646 3793 795 3856 hominem
818 3811 928 3872 exuas,
959 3810 1047 3873 quana
1069 3790 1224 3855 membro·

119 3920 185 3966 rum
219 3911 337 3968 tuorum
372 3903 533 3968 ministeria
567 3914 745 3984 convertas,
780 3905 807 3968 si
829 3911 880 3968 aut
905 3903 943 3968 de
972 3905 1093 3968 sinislra
1126 3904 1222 3968 cibum

121 4054 320 4068 b*—

192 4142 219 4208 1)
237 4144 302 4199 eurr.
321 4136 347 4214 2,
367 4145 444 4199 o-r.
527 4154 544 4185 ι
