2692 4666
331 317 377 375 ott
395 317 533 376 omens
550 318 775 427 duttsmoatttt
791 321 923 382 llBlllil.
1110 331 1171 398 105

79 480 246 564 mguelrut,
274 481 334 546 nisi
364 498 448 546 amor
471 481 654 560 devotionis;
686 489 782 547 tamen
805 491 835 548 et
856 486 922 568 ipse
941 494 1013 571 post
1034 487 1172 573 triduum,

81 613 150 658 oum
181 595 279 660 inluso
314 604 441 680 tyranno
476 598 621 681 inpositus
653 615 744 681 super
778 600 947 665 craticulam
963 612 1172 668 exureretur:
1297 599 1300 608 '

78 705 195 770 Assum
216 715 273 786 eat,
296 708 400 789 inquit,
423 727 515 772 cerro
537 717 568 771 et
589 711 753 774 manduco.
789 711 840 782 lta
861 686 970 778 virtute
993 716 1081 780 animi
1102 719 1172 781 viu-

79 820 166 883 oebat
189 821 267 902 ignis
288 829 430 886 naturam.

470 1057 646 1127 CAPUT
678 1059 783 1126 XLII.

168 1220 312 1276 Potestates
329 1237 380 1275 non
398 1224 551 1290 inritandas,
569 1240 654 1294 neque
673 1226 811 1282 adulationi
829 1228 988 1297 praebendas
1006 1245 1087 1284 aures.

169 1379 242 1447 208.
288 1383 457 1450 Cavendum
475 1387 561 1450 etiam
576 1405 657 1468 reor,
681 1408 730 1470 ne,
749 1390 816 1455 dum
840 1390 929 1472 aliqui
950 1391 1039 1455 nimia
1060 1393 1176 1474 gloriae

79 1493 232 1557 ducuntur
254 1495 427 1578 cupiditate,
460 1498 637 1563 insolentius
652 1503 815 1567 ‘abutantur
837 1503 1033 1587 potestatibus
1056 1510 1086 1568 ot
1106 1506 1175 1589 ple-

78 1626 207 1689 rumque
230 1627 356 1673 aversos
387 1631 405 1674 a
435 1613 522 1677 nobis
550 1614 666 1678 animos
695 1607 848 1700 gentilium
879 1618 910 1681 in
939 1618 1036 1682 studia
1066 1637 1176 1701 perse-

79 1723 209 1786 cutionis
235 1723 367 1788 excitent
397 1732 486 1808 atque
515 1727 693 1793 inflamment
715 1728 753 1793 ad
775 1731 965 1795 iracundiam.
1009 1732 1113 1814 ltaque
1144 1741 1177 1799 ut

77 1836 122 1899 illi
154 1854 353 1919 perseverare
382 1840 499 1920 possint
521 1845 551 1901 et
573 1841 717 1923 supplicia
748 1843 889 1923 vincere,
921 1851 1047 1925 quantos
1076 1846 1177 1927 perire

78 1948 217 2013 faciunt‘l

168 2061 241 2130 209.
285 2063 526 2148 Prospiciendum
550 2067 695 2130 etiamne
719 2067 904 2132 adulantibus
927 2069 1093 2150 aperiamus
1117 2090 1176 2134 au·

80 2197 163 2257 rem3
186 2179 314 2245 emolliri
335 2180 413 2243 enim
436 2178 605 2244 adulatione
620 2185 689 2258 non}
702 2181 797 2246 solum
821 2181 1000 2246 tortitudinis
1015 2202 1077 2247 nou
1097 2202 1176 2267 esse,

81 2292 137 2356 sed
161 2294 248 2356 etiam
270 2294 407 2376 ignaviae
429 2293 556 2357 videtur.

465 2573 637 2641 CAPUT
668 2571 791 2645 ltili.

81 2740 122 2793 Ile
140 2742 307 2809 temperantia
327 2747 353 2792 et
370 2741 514 2809 praecipuis
533 2741 588 2793 eius
605 2738 734 2808 partibus,
760 2741 874 2793 nimimm
895 2741 972 2792 animi
995 2739 1178 2811 tranquillitate

195 2844 226 2879 ac
244 2827 434 2893 moderatione,
455 2827 593 2881 honestatis
612 2842 670 2879 cura
690 2836 716 2879 et
734 2827 834 2881 decoris
853 2826 1063 2880 consideratione.

170 2987 243 3055 210.
289 2991 434 3065 Quoniam
469 2990 506 3053 de
537 2991 630 3054 trihus
660 2990 814 3053 virtutibus
848 2989 993 3068 diximus,
1026 2996 1119 3054 restat
1147 2998 1180 3055 ut

82 3100 120 3165 de
143 3110 247 3185 quarta
270 3103 378 3165 virtute
402 3102 551 3182 dicamus,
575 3119 651 3183 quae
675 3101 868 3189 temperantia
891 3121 926 3165 ao
948 3103 1094 3166 modestia
1118 3122 1177 3168 vo-

81 3225 181 3282 catur:
212 3218 242 3280 in
265 3235 322 3300 qua
345 3218 471 3281 maxime
494 3217 687 3299 tranquillitas
710 3216 814 3297 animi,
847 3216 974 3280 studium
1001 3224 1178 3283 mansuetu-

81 3331 177 3415 dinis,
199 3331 412 3396 moderationis
435 3333 546 3415 gratia,
578 3331 696 3394 honesti
719 3349 807 3410 cura,
832 3330 952 3394 decoris
974 3333 1176 3398 consideratio

82 3452 235 3529 spectatur
257 3451 288 3508 et
309 3445 469 3528 quaeritur.

169 3552 249 3645 ζῆ.
290 3558 373 3623 Ordo
404 3559 493 3641 igitur
525 3556 641 3640 quidam
664 3557 743 3619 vitae
765 3555 852 3619 nobis
883 3554 1028 3621 tenendus
1052 3564 1115 3638 cst,
1146 3566 1179 3624 ut

81 3693 98 3738 a
120 3648 301 3738 verecundia
321 3674 414 3757 prima
434 3672 578 3755 quaedam
602 3671 791 3735 fundamenta
815 3670 976 3750 ducantur,
1000 3690 1076 3753 quae
1095 3673 1179 3737 socia

81 3808 117 3853 ac
149 3788 300 3853 familiaris
334 3795 380 3851 est
409 3780 518 3850 mentis
548 3784 724 3867 placiditati,
756 3784 926 3867 proterviae
961 3786 1107 3869 lugitam,
1141 3788 1178 3850 ab

83 3904 164 3969 omni
182 3903 278 3965 aliena
296 3902 386 3981 luxu,
407 3899 598 3964 sobrietatem
620 3898 731 3983 diligit,
755 3898 938 3964 honestatem
958 3898 1059 3980 lovet,
1082 3899 1179 3965 deco-

81 4036 148 4080 rum
171 4015 243 4078 illud
264 4015 399 4097 requirit.

171 4125 245 4206 212,
288 4128 436 4221 Sequatur
452 4129 689 4200 conversationis
704 4128 822 4212 electio,
840 4133 874 4192 ut
887 4110 1081 4213 adimpamur
1100 4145 1177 4217 pro·
