2692 4666
185 310 237 378 28·
580 307 659 364 vna
676 307 701 365 s.
723 308 886 367 nunnosn.

185 470 235 534 ibe
257 468 296 535 de
317 468 377 535 abo
401 471 510 537 dictum
533 472 571 536 de
594 489 629 536 sc
650 471 805 535 oraculum
827 480 942 536 maturo
964 473 1013 538 sni
1033 471 1117 539 exitu
1144 491 1280 556 conpro-

184 583 273 647 bavit
316 583 390 647 Nam
414 584 451 647 de
475 584 580 648 oedem
603 583 690 663 loco,
713 584 744 646 in
767 602 827 666 quo
850 585 974 664 iacebat,
998 605 1065 651 eum
1087 588 1187 651 subito
1211 588 1280 650 vul-

184 715 258 760 nere
281 698 395 781 ingenti
418 707 502 762 esset
523 717 696 783 percussus,
719 699 824 762 alienis
846 701 979 764 manibus
1002 701 1040 763 ad
1060 700 1169 767 loetum
1184 719 1279 782 usque

184 817 319 895 portatus
342 819 389 875 est
410 820 499 893 atque
521 812 592 875 inde
614 812 650 875 ad
675 812 812 892 demum,
841 813 870 876 in
894 832 951 894 qua
975 815 1195 897 hospitabatur,
1225 833 1279 877 re-

185 926 290 989 ductus
314 926 391 989 diem
414 928 519 992 clausit
542 936 715 992 extremum.
755 928 783 991 Is
806 928 873 992 finis
895 931 1028 995 virorum
1051 931 1092 993 illi
1115 930 1279 994 detraben-

184 1041 257 1104 tium
280 1039 343 1121 fuit,
368 1059 455 1121 quem
479 1041 615 1104 videntes
639 1041 689 1122 qui
712 1048 781 1104 tune
803 1041 927 1104 aderant
950 1042 1082 1107 admirati
1104 1052 1180 1108 snut.

271 1152 322 1217 55.
368 1153 453 1217 Unde
476 1153 579 1216 hortor
602 1159 633 1215 et
655 1153 783 1217 obsecro
807 1171 923 1217 ornnem
946 1154 1104 1236 hominem,
1129 1157 1178 1238 qui
1200 1158 1280 1219 hunc

184 1270 291 1333 librum
312 1269 430 1353 legerit,
453 1275 485 1331 ut
507 1267 635 1330 imitetur
656 1268 745 1330 vitam
765 1269 860 1331 sancti
883 1269 948 1349 viri,
971 1270 1073 1333 laudet
1091 1271 1279 1354 deigratiam

184 1391 214 1447 et
245 1382 372 1445 declinet
403 1380 621 1444 detrahentium
653 1379 787 1463 linguas,
820 1381 846 1443 si
876 1380 939 1443 vult
969 1383 1064 1465 magis
1096 1385 1279 1447 consortium

183 1498 297 1560 habere
319 1516 384 1559 cum
408 1495 570 1559 Ambrosio
592 1495 623 1557 in
646 1495 869 1558 resurrectione
891 1496 986 1576 vitae,
1020 1516 1107 1578 quarn
1130 1517 1195 1560 eum
1219 1497 1279 1560 de-

183 1613 367 1676 trahentibus
391 1611 492 1674 subire
513 1611 697 1694 supplicium,
720 1610 801 1693 quod
817 1611 914 1674 nullus
929 1612 1049 1693 sapiens
1065 1632 1126 1677 non
1142 1612 1277 1677 declinat.

271 1724 322 1791 56.
368 1727 459 1790 Tuam
490 1727 577 1789 etiam
603 1743 713 1807 precor
734 1725 962 1807 beatitudinem,
993 1734 1077 1809 pater
1099 1727 1278 1811 Angustiae,

183 1848 216 1904 ut
237 1860 294 1924 pre
316 1860 363 1904 me
386 1841 547 1904 humillimo
565 1848 596 1903 et
610 1847 771 1923 peccatore
786 1841 907 1904 Paulino
924 1859 991 1904 cum
1006 1842 1142 1906 omnibus
1158 1843 1278 1922 sanctis,

184 1956 235 2037 qui
257 1961 355 2017 tecum
378 1956 517 2018 invocant
538 1971 648 2017 nomen
670 1951 780 2016 domini
802 1955 897 2016 nostri
919 1953 987 2016 lesu
1010 1952 1117 2017 Christi
1139 1953 1169 2014 in
1192 1956 1278 2018 veri-

182 2075 251 2149 tate,
275 2087 364 2132 orare
389 2067 537 2151 digneris,
561 2073 608 2146 ut,
632 2066 700 2149 quia
723 2065 753 2129 in
775 2064 966 2146 adipiscenda
988 2067 1083 2147 gratia
1107 2086 1172 2130 cum
1196 2075 1277 2131 tanto

182 2186 249 2249 viro
277 2203 339 2248 non
369 2203 433 2248 sum
465 2182 573 2266 dignus
605 2182 727 2245 habere·
752 2181 952 2262 consortium,
987 2181 1110 2263 adeptus
1144 2201 1277 2246 meorum

182 2301 298 2365 veniam
321 2305 526 2382 peecatorum,
550 2299 588 2362 sit
609 2297 679 2360 mihi
701 2297 862 2379 praemium
885 2297 1002 2381 fugisse
1024 2298 1210 2379 supplicium.
