2692 4666
182 343 243 451 64Ι
432 295 437 304 ’
629 339 653 394 s.
673 339 828 396 suanosu

182 502 279 565 Locus
302 508 369 565 tuus
391 503 531 584 patientia
554 509 625 581 est,
646 502 729 566 locus
752 510 818 568 tuns
841 505 984 586 sapientia
1006 509 1069 582 est,
1098 503 1182 567 locus
1204 509 1271 567 tuus

182 616 257 678 ratic
280 620 334 697 cst,
356 615 439 679 locus
462 621 529 680 tuus
553 614 667 681 sedatio
690 615 900 700 indignationis
920 623 974 680 est.
1012 617 1073 681 Aut
1094 619 1120 680 si
1141 624 1171 680 te
1194 636 1272 682 eon-

182 730 304 795 tumacia
335 731 542 814 respondentis
571 733 698 796 moverit
728 739 756 795 et
784 733 965 814 perversitas
996 733 1133 815 inpulerit
1161 733 1199 796 ad
1222 735 1271 796 iu-

183 845 382 930 dignationem
391 870 400 926 ;
423 847 448 911 si
463 866 524 911 non
538 848 672 928 potueris
689 848 823 930 mitigare
839 855 976 927 mentem,
998 848 1126 930 reprime
1141 849 1271 932 linguam

181 967 268 1025 tuam.
315 963 363 1026 Sic
393 961 471 1024 enim
502 962 642 1043 scriptum
672 967 734 1023 est:
763 957 791 1044 ¹)
827 960 942 1025 Colide
972 962 1108 1043 linguam
1140 970 1222 1026 taam
1252 983 1272 1026 a

181 1077 264 1140 mulo
295 1082 325 1137 et
354 1075 442 1138 labia
471 1084 541 1154 tua,
577 1095 614 1136 ne
645 1076 812 1156 loquantur
843 1076 955 1138 delam.
1005 1075 1120 1138 Deinde
1151 1077 1273 1158 inquire

180 1209 287 1271 pacem
317 1196 348 1277 et
374 1210 502 1271 sequere
532 1209 607 1252 eom.
630 1186 663 1272 ²]
713 1190 817 1251 Pacem
848 1189 926 1252 illam
952 1189 1039 1254 Iacob
1070 1192 1272 1272 sanctifvide,

183 1323 241 1386 qua
264 1312 296 1368 tu
317 1304 441 1389 primum
470 1303 573 1368 sedato
597 1305 742 1381 animum3
774 1305 799 1366 si
827 1322 888 1367 non
917 1306 1137 1385 praevalueris,
1169 1305 1272 1370 frenos

181 1417 301 1501 linguae
336 1420 447 1500 inpone
483 1425 570 1496 tuae3
613 1418 719 1481 deinde
756 1418 1005 1483 reconciliationis
1025 1420 1170 1484 studium
1211 1439 1272 1484 non

181 1533 406 1615 praetermittas.
450 1534 531 1596 Haec
562 1542 698 1597 oratores
729 1533 840 1596 saeculi
871 1532 909 1597 de
939 1536 1049 1598 nostris
1079 1541 1219 1616 usurpata
1241 1536 1272 1598 in

182 1648 244 1709 suis
267 1665 398 1728 posuere
421 1647 521 1724 libris;
551 1646 605 1709 sed
629 1646 677 1709 ille
699 1663 807 1710 sensus
829 1646 917 1709 huius
939 1647 1027 1709 habet
1049 1649 1189 1732 gratiam,
1222 1649 1272 1729 qui

181 1761 263 1843 prior
286 1762 367 1825 dixit.

268 1872 318 1940 93.
364 1877 494 1940 Vitemus
525 1896 600 1960 ergo
630 1886 679 1941 aut
708 1885 904 1961 temperemus
934 1877 1132 1958 iracundiam,
1167 1897 1206 1941 ne
1234 1879 1273 1942 sit

182 1990 246 2053 eius
276 1997 326 2053 aut
355 1992 385 2054 in
412 1990 547 2055 laudibus
571 1993 707 2074 exceptio
731 1999 780 2056 aut
803 1993 932 2054 invitiis
956 1994 1159 2076 exaggeratio.
1203 1993 1272 2056 Non

182 2104 332 2169 mediocre
355 2111 401 2168 est
422 2106 557 2189 mitigare
579 2105 768 2184 iracundiam,
791 2125 852 2170 non
873 2106 1014 2185 inferius,
1041 2125 1127 2188 quam
1151 2107 1271 2170 omnino

181 2237 242 2283 non
272 2222 461 2284 commoveri.
506 2222 571 2284 llcc
600 2227 733 2284 nostrum
764 2225 832 2299 est,
859 2227 981 2284 naturae
1011 2219 1090 2283 illud.
1135 2221 1272 2302 Denique

183 2336 398 2399 commotiones
420 2337 451 2398 in
472 2336 574 2416 pueris
594 2336 734 2399 innoxiae
749 2341 826 2415 sunt,
850 2354 927 2417 quae
942 2335 1007 2416 plus
1022 2334 1132 2398 habent
1146 2337 1271 2418 gratiae,

182 2465 268 2527 quam
291 2448 500 2511 amaritudinis.
545 2447 629 2511 Etsi
652 2449 712 2511 cito
734 2449 819 2530 pueri
841 2448 918 2510 inter
939 2465 972 2510 se
995 2456 1159 2527 moventur,
1183 2448 1271 2512 facile

182 2560 322 2624 sedantur
356 2568 385 2624 et
418 2564 521 2626 maiori
555 2564 698 2626 suavitate
729 2564 758 2626 in
789 2582 823 2626 se
852 2570 1018 2628 recurrunt.
1064 2564 1205 2627 Nesciunt
1235 2580 1270 2627 se

182 2674 306 2739 subdole
329 2677 547 2758 artificioseque
569 2685 706 2741 tractare.
743 2678 843 2741 Nolite
864 2678 920 2741 hos
940 2686 1132 2742 contemnere
1147 2695 1269 2761 pueros,

182 2788 347 2872 dequibus
371 2790 507 2854 dominus
530 2793 584 2855 ait:
602 2789 634 2877 ³)
666 2793 744 2855 Nisi.
765 2795 909 2857 conversi
935 2794 1062 2876 fueritis
1092 2801 1122 2855 ct
1148 2794 1270 2875 efficia·

181 2905 258 2966 mici
284 2907 367 2968 sicut
389 2925 470 2985 puer
499 2907 575 2983 c'ste,
606 2927 669 2971 non
698 2907 858 2970 intrabitis
887 2908 921 2968 c'c
950 2926 1076 2989 regnam
1104 2908 1269 2970 coetorum.

181 3018 283 3102 ltaque
311 3022 375 3104 ipse
405 2996 559 3100 dominus,
591 3021 649 3084 hoc
674 3028 737 3101 est,
769 3021 817 3083 dei
840 3021 951 3101 virtus,
984 3023 1059 3086 sicut
1080 3041 1172 3105 puer,
1204 3041 1271 3086 cum

182 3132 418 3212 malediceretur,
441 3151 501 3196 non
523 3135 708 3197 remaledixit
715 3157 725 3214 ;
751 3154 817 3198 cum
839 3141 1054 3219 percuteretur,
1078 3155 1139 3199 non
1161 3154 1271 3218 reper-

181 3247 282 3310 cussit.
300 3242 332 3330 ⁴)
376 3247 417 3310 lta
440 3265 514 3330 ergo
537 3254 566 3310 te
589 3267 735 3331 conpara,
767 3257 800 3312 ut
828 3252 912 3331 quasi
941 3269 1016 3332 puer
1046 3251 1181 3314 iniuriam
1209 3269 1271 3317 uon

181 3366 301 3441 teneas,
331 3362 468 3425 malitiam
490 3380 550 3426 uon
574 3382 733 3428 exerceas:
768 3366 863 3428 omnia
887 3385 904 3428 a
926 3370 955 3428 te
976 3366 1153 3429 innocenter
1175 3365 1271 3449 proti·

183 3475 338 3538 ciscantur.
392 3477 460 3540 Non
493 3478 668 3542 consideres
704 3479 774 3561 quid
807 3482 843 3544 ab
877 3481 941 3544 aliis
973 3483 1003 3544 in
1034 3488 1064 3545 te
1093 3489 1270 3546 revertatur.

182 3587 293 3652 Locum
326 3596 407 3653 tuum
440 3607 545 3672 serva,
579 3593 792 3674 simplicitatem
823 3602 853 3657 et
883 3596 1037 3677 puritatem
1068 3596 1110 3658 tui
1141 3597 1271 3679 pectoris

183 3701 308 3766 custodi.
352 3703 421 3766 Noli
443 3704 628 3787 respondere
651 3707 725 3769 irato
756 3705 793 3768 ad
819 3707 998 3771 iracundiam
1022 3709 1101 3789 eius,
1134 3710 1199 3774 sive
1221 3711 1271 3775 in-

183 3817 320 3900 prudenti
352 3818 388 3882 ad
421 3820 646 3901 inprudentiam.
699 3818 765 3883 Cito
800 3820 884 3904 culpa
919 3823 1033 3902 culpam
1067 3823 1186 3886 excutit.
1242 3823 1272 3891 Si

182 3931 294 4016 lapides
317 3934 407 4011 teras,
430 3950 531 3997 nonne
552 3932 630 4016 ignis
655 3933 805 4015 erumpit?

182 4047 389 4061 .---

255 4087 283 4157 1)
300 4086 389 4141 Psalm.
409 4086 452 4155 33,
472 4088 512 4142 14.
566 4088 595 4156 2)
613 4086 676 4144 lbid.
695 4105 720 4142 v.
741 4088 780 4140 15.
834 4087 863 4155 3)
882 4088 965 4142 llatth.
982 4088 1025 4156 18,
1041 4089 1065 4144 3.
1118 4091 1147 4159 4)
1168 4092 1191 4146 1.
1204 4091 1270 4146 Patr.

184 4172 210 4240 2,
229 4172 271 4227 23.
