2692 4666
148 329 211 395 100
560 360 564 374 .
594 324 619 378 s.
637 323 793 381 annnosn

147 490 240 554 virtus
255 488 312 553 sibi
327 496 453 571 constat,
477 496 508 553 ut
523 488 637 554 fortiter
662 490 760 554 omnia
782 495 979 573 persequatur
1001 488 1070 554 vitia
1091 495 1239 572 tamquam

146 604 262 670 virtutis
285 624 400 668 venena
406 625 416 683 ;
447 604 627 669 iracundiam
651 605 732 668 velut
755 605 929 687 quibusdam
957 605 1111 688 propulset
1138 606 1239 686 armis,

145 739 221 802 quae
243 721 326 785 tollat
351 720 504 784 consilium
528 725 557 782 et
578 725 723 800 tamquam
754 719 968 804 aegritudinem
994 720 1074 783 vitet
1118 717 1238 785 Gloriae

143 853 263 918 quoque
286 841 390 899 caveat
411 834 618 917 appetentiam,
642 853 719 915 quae
743 834 917 916 frequenter
938 835 1042 899 nocuit
1062 833 1236 902 inmodera-

144 951 202 1013 tius
225 949 373 1031 expetita,
396 965 516 1029 semper
539 954 637 1011 autem
659 952 805 1030 usurpata.

232 1061 302 1129 195.
347 1062 424 1137 Quid
446 1061 552 1126 horum
581 1069 685 1126 sancto
708 1062 760 1125 lob
783 1062 832 1125 vel
854 1062 884 1125 in
907 1062 1015 1128 virtute
1045 1061 1158 1145 defuit,
1188 1065 1236 1130 vel

142 1181 172 1245 in
203 1180 274 1242 vitio
305 1177 463 1259 obrepsit?
508 1176 666 1251 Quomodo
696 1176 828 1240 laborem
859 1176 1070 1261 aegritudinis,
1102 1177 1235 1263 frigoris,

142 1293 227 1358 tamis
249 1291 394 1375 pertulit?
439 1291 596 1366 Quomodo
620 1292 758 1374 despexit
780 1292 882 1356 salutis
905 1293 1093 1375 periculum?
1138 1292 1234 1357 Num-

141 1408 210 1491 quid
243 1407 354 1489 rapinis
388 1405 506 1468 divitiae
537 1413 748 1486 coacervatae,
783 1407 950 1488 dequibus
985 1413 1066 1472 tanta
1094 1407 1234 1490 inopibus

139 1521 332 1586 adfluebant?
374 1519 521 1602 Numquid
554 1521 705 1585 avaritiam
727 1539 854 1601 census,
885 1528 935 1586 aut
956 1522 1114 1603 voluptatis
1137 1521 1234 1587 studia

140 1637 373 1721 cupiditatesque
396 1636 559 1701 excitavit?
603 1635 751 1717 Numquid
768 1636 853 1699 trium
869 1654 975 1721 regum
996 1636 1140 1701 iniuriosa
1154 1655 1233 1702 con-

139 1753 232 1816 tentio
262 1752 312 1815 vel
339 1768 496 1814 servorum
526 1749 703 1812 contumelia
725 1749 755 1811 in
778 1749 850 1812 iram
882 1749 1041 1813 excussit?
1083 1749 1233 1834 Numquid
1279 1763 1286 1775 ‘

138 1868 234 1952 gloria
256 1867 332 1931 sicut
353 1867 450 1929 levem
469 1863 580 1942 extulit,
605 1863 653 1944 qui
677 1863 883 1944 imprecabatur
905 1864 1009 1947 gravia
1030 1864 1096 1945 sibi,
1120 1865 1146 1928 si
1161 1884 1231 1929 um-

139 2002 226 2066 quam
240 1982 290 2046 vel
304 1999 364 2044 non
385 1977 580 2043 voluntariam
595 1976 754 2039 celavisset
773 1977 897 2060 culpam,
920 1979 968 2042 vel
983 1979 1132 2044 reveritus
1151 1986 1233 2044 esset

138 2095 352 2160 multitudinem
382 2092 495 2175 plebis,
527 2091 683 2172 quominus
715 2089 901 2154 adnuntiaret
924 2111 989 2155 eam
1012 2093 1043 2155 in
1065 2101 1231 2176 conspectu

139 2209 292 2276 omnium?
335 2208 441 2291 Neque
464 2207 542 2269 enim
567 2211 787 2270 consentaneae
809 2212 877 2270 sunt
900 2208 977 2272 vitiis
1003 2209 1146 2290 virtutes,
1177 2208 1231 2273 sed

111 2325 195 2405 ,sibi
218 2329 362 2404 constant.
407 2324 479 2397 Quis
502 2322 591 2404 igitur
615 2327 671 2384 tam
694 2319 797 2400 tortis,
832 2341 919 2403 quam
941 2329 1061 2387 sanctus
1082 2323 1153 2404 lob,
1183 2323 1230 2387 cui

138 2437 288 2504 secundus
311 2436 473 2502 adiudicari
494 2441 613 2518 potest,
636 2436 686 2516 qui
708 2452 810 2516 parem
833 2435 885 2499 vix
908 2436 1042 2519 reperit?

538 2706 716 2774 CAPUT
752 2705 824 2770 XL.

138 2875 262 2929 Virtutem
280 2874 398 2928 bellicam
411 2875 504 2927 nostris
517 2874 592 2924 etiam
606 2888 656 2924 non
671 2871 781 2924 defuime
799 2864 914 2923 veterum
934 2871 1054 2940 exemplis
1070 2873 1230 2944 maximeque

396 2961 529 3031 praeclaro
546 2958 663 3012 Eleazari
681 2958 750 3012 lacto
769 2959 960 3012 demonstratur.

226 3119 296 3188 196.
340 3122 400 3189 Sed
430 3121 559 3187 tortasse
589 3122 705 3205 aliquos
736 3120 842 3184 bellica
873 3121 989 3185 defixos
1018 3120 1116 3205 gloria
1138 3126 1230 3202 tenet,

92 3226 94 3231 η
137 3245 170 3304 ut
190 3244 293 3322 putent
324 3237 417 3302 solam
448 3255 517 3301 esse
547 3237 726 3319 praeliarem
754 3234 955 3299 fortitudinem
978 3240 1008 3298 et
1029 3233 1099 3299 ideo
1121 3254 1171 3299 me
1192 3233 1231 3298 ad

137 3353 213 3418 haec
236 3352 412 3434 deflexisse,
445 3353 513 3434 quia
535 3352 584 3416 illa
606 3353 717 3416 nostris
745 3349 871 3415 deforet.
916 3348 1010 3423 Quam
1036 3347 1123 3414 fortis
1146 3347 1230 3413 lesus

16 3528 19 3535 .
137 3467 238 3547 Nave,
270 3474 304 3531 ut
333 3485 393 3533 uno
422 3467 538 3550 proelio
570 3466 700 3549 quinque
729 3483 821 3550 reges
850 3471 952 3547 captos
983 3470 1134 3528 sterneret
1162 3481 1231 3527 cum

138 3581 255 3665 populis
278 3581 366 3646 suis?
386 3577 414 3664 ¹)
458 3580 585 3644 Deinde·
600 3600 666 3645 cum
699 3580 857 3645 adversum
881 3577 1060 3643 Gabaonitas
1089 3585 1231 3662 surgeret

138 3696 283 3780 proelium
299 3701 329 3758 et
343 3703 508 3776 vereretur,
530 3713 570 3758 ne
592 3713 654 3758 nox
675 3693 822 3777 inpediret
843 3693 1006 3772 victoriam,
1028 3689 1230 3776 magnitudine

139 3812 245 3875 mentis
269 3817 298 3873 et
319 3808 387 3871 fidei
409 3808 561 3871 clamavit:
585 3807 650 3869 Stet
670 3808 737 3880 sot,-
760 3813 790 3868 ct
810 3806 910 3884 stetit,
928 3801 960 3890 π)
983 3803 1082 3868 donee
1103 3804 1231 3869 victoria

140 3928 403 3991 consummaretur.
449 3921 573 3988 Gedeon
595 3922 625 3987 in
647 3922 788 3985 trecentis
817 3920 890 3985 viris
916 3917 954 3986 de
976 3917 1089 4002 ingenti
1118 3918 1230 4002 populo

212 4175 241 4244 1)
259 4173 341 4229 losue.
362 4172 404 4240 10,
422 4173 438 4225 5
457 4187 528 4243 seqq.
599 4172 627 4239 2)
645 4171 707 4226 ibid.
727 4187 752 4226 v.
773 4169 812 4224 12.
1037 4164 1089 4221 ssa!
