2692 4666
173 338 235 405 146
619 329 645 385 s.
665 325 821 383 suanosn

169 497 302 592 praeest
316 492 430 558 liberis.
480 490 555 555 illud
585 490 680 573 magis
712 487 816 569 decet,
849 494 1000 570 utsupra
1030 485 1204 550 thesaurum
1232 481 1273 547 sit

170 606 268 669 animo
302 612 333 667 et
364 602 440 666 infra
475 603 600 667 amicum
633 601 790 682 obsequio.
845 599 997 666 Humilitas
1031 598 1111 663 enim
1143 597 1272 682 gratim

170 725 269 802 anget.
314 718 396 781 llaec
417 715 507 798 plena
527 712 623 776 laudis
647 718 676 775 et
699 710 789 795 digna
810 711 952 795 primario
974 711 1059 789 viro,
1091 724 1153 772 non
1182 724 1272 770 eorn-

170 849 287 895 munem
317 848 384 893 cum
406 827 506 910 Tyriis
535 824 773 909 negotiatoribus
803 829 834 887 et
862 821 1022 887 Gaaladitis
1051 820 1272 885 mercatoribus

135 944 282 1007 'babere
311 942 406 1024 turpis
435 939 511 1004 lucri
539 937 724 1020 cupidinem,
758 956 816 1001 nec
846 955 935 1001 omne
965 938 1076 1001 bonum
1105 935 1210 1000 locare
1241 934 1272 997 in

169 1055 296 1138 pecnnia
326 1059 356 1116 et
384 1058 532 1134 tamquam
562 1050 748 1114 mercenario
775 1066 899 1112 munere
922 1049 1088 1113 cotidianos
1111 1063 1273 1113 numerare

170 1175 322 1250 quaestus,
346 1165 486 1229 calculari
509 1163 685 1260 conpendia.

578 1362 749 1429 CAPUT
784 1363 861 1430 XV.
898 1387 901 1391 <

170 1510 209 1566 De
228 1510 391 1563 liberalitate.
428 1508 585 1573 Quibusnam
609 1510 768 1576 potissimum
796 1508 953 1576 inpertienda
972 1517 998 1559 et
1016 1510 1185 1579 quaeratione
1203 1507 1272 1562 illam

316 1597 441 1648 tenuioris
459 1611 551 1647 census
569 1595 685 1647 homines
704 1610 782 1661 opera
803 1603 829 1646 et
849 1594 961 1646 consiliis
980 1602 1125 1647 exerceant.

258 1725 308 1792 68.
355 1725 442 1801 Quod
464 1727 490 1788 si
513 1726 550 1787 ab
582 1725 627 1787 his
658 1724 792 1788 sobrium
822 1742 933 1806 gerere
963 1726 1091 1789 animnrn
1121 1724 1272 1789 laudabile

171 1847 226 1920 est,
249 1845 359 1922 quanto
384 1837 455 1901 illud
476 1839 693 1919 praestantius,
714 1838 741 1900 si
764 1836 954 1902 dilectionem
975 1838 1169 1903 multitudinis
1190 1838 1272 1902 libe-

169 1953 284 2016 ralitate
307 1951 456 2031 adquiras,
479 1969 578 2031 neque
601 1949 751 2032 superilna
773 1950 854 2013 circa
875 1951 1070 2033 inportunos,
1093 1968 1193 2033 neque
1216 1968 1272 2013 re-

102 2042 104 2046 l
170 2066 273 2129 stricta
295 2065 375 2128 eirca
397 2062 593 2146 indigentes?
861 2132 864 2139 ¹

258 2172 309 2240 69.
353 2174 479 2237 Plurima
502 2179 600 2236 autern
621 2190 736 2256 genera
759 2172 942 2236 liberalitatis
965 2179 1051 2253 sunt,
1083 2191 1144 2238 non
1173 2175 1272 2238 solum

171 2287 321 2351 cotidiano
344 2293 463 2369 sumptu
486 2286 654 2369 egentibus,
677 2304 738 2367 qno
761 2286 849 2349 vitam
873 2302 957 2348 suam
979 2287 1128 2351 sustinere
1143 2288 1271 2370 possint

171 2399 333 2482 disponere
367 2418 402 2461 ae
436 2398 610 2483 dispensare
644 2399 831 2476 alirnoniam3
864 2416 970 2463 aarum
1002 2400 1089 2464 etiam
1120 2401 1186 2480 bis,
1221 2399 1272 2482 qui

170 2512 288 2596 publice
310 2531 405 2595 egere
428 2510 688 2591 verecundantur,
722 2512 880 2575 consulere
910 2530 946 2574 ac
975 2512 1158 2593 subvenire,
1191 2531 1271 2595 qna·

170 2630 258 2690 tenus
280 2626 443 2688 eommunis
467 2642 633 2708 egenorum
659 2625 797 2687 alimonia
827 2641 888 2688 non
916 2625 1117 2688 exhauriatur.
1163 2624 1211 2690 lte
1233 2643 1271 2689 eo

169 2737 297 2826 loquor,
329 2740 379 2820 qni
408 2744 529 2819 praeest
558 2738 645 2802 alicui
674 2738 808 2819 muneri,
841 2746 874 2800 ut
902 2737 929 2800 si
950 2737 1081 2803 officinm
1103 2738 1271 2805 sacerdotis

78 2871 80 2875 ·
169 2856 258 2932 gerat
279 2856 330 2912 ant
352 2849 576 2932 dispensatoris,
599 2858 632 2914 ut
654 2849 692 2914 de
714 2850 760 2913 his
782 2859 928 2934 suggerat
949 2852 1112 2935 episeopo,
1135 2869 1196 2916 neo
1216 2869 1271 2917 aa·

169 2960 291 3043 primat,
325 2961 350 3024 si
373 2979 460 3042 quern
483 2961 613 3042 positum
634 2961 664 3023 in
685 2960 868 3025 necessitate
890 2961 988 3043 aliqua
1012 2964 1195 3047 cognoverit
1222 2969 1272 3028 aut

170 3073 318 3137 deiectum
341 3074 447 3157 opibus
469 3073 507 3137 ad
529 3073 648 3156 inopiae
671 3073 879 3138 necessitatem
901 3073 1070 3165 redactum,
1093 3073 1272 3140 maximesi

169 3204 231 3252 non
254 3186 403 3250 effusione
425 3185 664 3264 adulescentiae,
697 3187 753 3250 sed
777 3186 944 3268 direptione
965 3187 1090 3253 alicuius
1121 3193 1152 3253 et
1176 3188 1271 3253 amis·

169 3300 256 3365 sione
278 3300 447 3381 patrimonii
469 3301 499 3362 in
523 3317 588 3363 eam
610 3297 750 3363 reciderit
772 3298 925 3379 iniuriam,
951 3304 983 3363 ul
1005 3307 1154 3383 sumptum
1175 3317 1272 3367 exer·

170 3429 242 3476 cere
264 3411 400 3476 diurnum
424 3431 484 3477 non
506 3419 604 3494 queat.

258 3520 308 3586 70.
355 3521 472 3585 Summa
503 3523 590 3586 etiam
621 3522 782 3587 liberalitas
812 3532 918 3606 captos
949 3525 1118 3605 redimere,
1150 3525 1272 3609 eripere

170 3652 210 3697 ex
232 3634 362 3696 bostium
384 3637 537 3715 manibus,
567 3636 745 3700 subtrahere
766 3637 835 3699 neci
857 3636 993 3701 homines
1016 3645 1048 3700 et
1069 3637 1198 3701 naxium
1221 3638 1272 3701 ie-

169 3745 263 3810 minas
285 3746 469 3828 turpitudini,
491 3747 623 3812 reddere
644 3750 819 3831 parentibus
841 3748 971 3830 liberos,
994 3755 1136 3831 parentes
1156 3750 1272 3830 liberis,

169 3857 253 3922 cives
275 3859 389 3941 patriae
411 3859 580 3923 restituere.
618 3859 696 3923 Nota
717 3865 789 3923 sunt
808 3858 883 3925 haec
904 3859 991 3925 nimia
1009 3858 1120 3943 lllyrici
1135 3861 1272 3929 vultule

170 3973 200 4030 et
223 3968 376 4034 Thraciae.
422 3970 530 4044 Quanti
552 3970 665 4053 nbique
687 3970 811 4035 venales
835 3977 921 4035 erant
950 3978 1014 4036 toto
1046 3972 1155 4054 captivi
1186 3974 1272 4056 orbe,

170 4083 288 4171 quossi
303 4099 442 4165 revoces,
459 4083 548 4149 unius
562 4085 736 4165 provinciae
750 4103 905 4151 numerum
921 4085 1045 4166 expiere
1060 4083 1272 4171 nonpossint
