2692 4666
380 309 426 363 nu
447 308 583 364 ornans
602 307 826 364 nmrsrnonun
843 309 939 364 unna
956 309 999 366 111.
1175 314 1237 380 185

120 474 191 536 sibi
222 471 367 536 honorem
400 471 574 550 adsumere,
609 489 671 534 non
701 470 853 534 vindicare
883 473 980 535 meriti
1010 473 1056 535 sui
1086 474 1238 554 pretium?

120 583 254 649 Deinde
288 601 342 647 cur
371 601 432 646 non
464 589 546 644 tuum
579 581 710 644 tolerare
745 584 844 663 polius
878 584 1112 662 incommodum,
1152 603 1239 665 quarn

130 699 267 762 alienum
299 695 486 760 commodum
518 695 648 777 diripere
678 696 867 758 adsuesces?
912 696 989 769 Quid
1012 704 1069 760 tam
1092 696 1238 761 adversus

131 819 292 889 naturam,
317 829 404 891 quam
427 828 488 872 non
513 826 582 871 esse
605 816 777 890 contentum
801 828 858 888 eo,
882 810 961 890 quod
985 809 1114 888 habeas,
1142 810 1239 872 aliena

132 942 306 1006 quaerere,
337 923 447 986 ambire
476 922 627 1004 turpiter?
672 923 746 985 Nam
770 923 795 985 si
818 922 961 986 honestas
991 923 1154 986 secundum
1181 942 1239 986 na-

132 1045 231 1101 turam
262 1033 380 1120 (omnia
405 1037 482 1099 enim
506 1036 579 1099 deus
609 1036 679 1099 iecit
703 1038 781 1099 bona
805 1034 929 1121 valde),
964 1036 1113 1117 turpitudo
1136 1038 1239 1117 utique

134 1151 286 1214 contraria
309 1157 362 1212 est.
407 1149 476 1212 Non
499 1155 598 1230 potest
622 1167 697 1231 ergo
718 1157 747 1211 et
769 1150 917 1213 honestati
941 1152 1105 1213 convenire
1124 1156 1154 1213 et
1172 1157 1239 1212 tur-

133 1260 280 1344 pitudini,
305 1280 372 1324 curn
394 1261 469 1324 haec
492 1263 569 1324 inter
592 1280 626 1324 se
650 1262 777 1327 discreta
801 1272 924 1328 naturae
947 1265 1017 1346 lege
1040 1263 1108 1326 sint.

563 1442 734 1509 CAPUT
768 1444 810 1509 V.

134 1581 234 1634 lustum
251 1579 314 1633 nibil
331 1595 425 1650 agere,
445 1582 513 1650 quod
531 1584 565 1634 sit
583 1591 671 1636 contra
691 1582 817 1649 officium,
844 1585 919 1636 ctiam
944 1585 967 1636 ai
985 1583 1080 1636 latendi
1099 1601 1171 1653 spem
1191 1585 1240 1637 ha-

135 1667 239 1733 buerit,
259 1668 290 1719 nd
311 1669 360 1720 hoc
379 1671 461 1737 ipsum
480 1670 674 1738 significandum
695 1669 805 1723 tabulam
825 1671 857 1723 da
877 1671 955 1740 Gygis
975 1672 1050 1723 anulo
1070 1675 1238 1740 excogitatam

136 1770 195 1806 esce
214 1772 229 1805 a
247 1754 418 1823 philosophis,
444 1772 494 1825 qua
520 1758 625 1826 explosa
646 1757 751 1810 Doridis
778 1774 808 1810 ac
832 1757 933 1810 Ioannis
959 1758 1091 1828 Baptistae
1119 1769 1187 1812 certa
1214 1769 1241 1810 et

492 1859 554 1896 vera
574 1845 691 1913 exempla
710 1844 881 1913 proferuntur.

224 1953 275 2020 29.
321 1956 380 2022 Sed
407 1959 464 2020 iam
487 1966 519 2021 ut
543 1960 629 2022 etiam
651 1960 681 2021 in
709 1961 766 2023 hoo
797 1961 872 2024 libro
904 1981 1048 2042 ponamus
1079 1961 1239 2046 fastigium,

136 2071 167 2132 in
187 2089 247 2150 quo
265 2070 348 2133 velut
366 2072 396 2132 in
416 2071 474 2134 fine
495 2072 701 2154 disputationis
720 2082 843 2138 nostrae
866 2074 1028 2158 dirigamus
1051 2077 1239 2154 sententiam,

136 2189 168 2246 ut
192 2183 266 2245 nihil
290 2186 489 2265 expetendum
522 2187 576 2266 sit,
606 2189 665 2250 nisi
691 2187 771 2269 quod
802 2189 976 2266 honestum;
1009 2189 1079 2252 nihil
1102 2189 1163 2270 agit
1185 2206 1239 2251 sa-

136 2299 239 2380 piens,
262 2299 320 2360 nisi
343 2299 423 2380 quod
448 2319 513 2363 curn
537 2301 722 2381 sinceritate,
746 2303 811 2364 sine
834 2301 938 2365 fraude
958 2304 1012 2379 sit3
1036 2321 1135 2384 neque
1152 2302 1240 2382 quic-

137 2429 227 2492 quam
260 2409 348 2490 iacit,
378 2414 408 2474 in
442 2431 501 2494 quo
530 2431 564 2476 se
595 2416 717 2476 crimine
747 2434 895 2496 quoquam
930 2417 1061 2499 obliget,
1093 2416 1181 2477 etiarn
1213 2414 1240 2477 si

137 2524 232 2586 latere
254 2526 358 2604 possit.
398 2526 457 2589 Sibi
482 2527 559 2588 enim
583 2533 629 2589 est
650 2545 731 2605 reus,
754 2529 925 2608 priusquam
949 2528 1077 2604 ceteris3
1100 2545 1158 2590 nec
1180 2534 1240 2588 tam

136 2637 275 2719 pudenda
306 2637 384 2719 apud
400 2616 475 2699 eum
505 2639 665 2720 publicatio
697 2629 837 2723 flagitiis
854 2659 941 2722 quam
972 2642 1153 2703 conscientia
1183 2647 1238 2704 est.

137 2751 226 2825 Quod
242 2769 303 2813 non
319 2750 393 2813 lictis
411 2750 536 2832 fabulis,
560 2761 592 2816 ut
613 2754 784 2834 philosophi
808 2754 974 2836 disputant,
998 2754 1052 2817 sed
1076 2754 1239 2817 verissimis

136 2867 281 2927 iustorum
303 2866 436 2927 virorum
461 2864 607 2944 exemplis
631 2864 742 2926 docere
764 2882 932 2945 possumus

226 2975 276 3040 30.
321 2978 389 3039 Non
409 2978 500 3060 igitur
516 2995 575 3058 ego
592 2977 736 3039 simulabo
758 2985 858 3040 terrae
881 2979 1001 3056 hiatum,
1025 2998 1101 3059 quae
1124 2979 1239 3061 magnis

136 3090 312 3171 quibusdam
326 3090 488 3153 dissiluerit
504 3091 602 3153 soluta
617 3090 769 3169 imbribus,
785 3092 815 3152 in
828 3110 915 3172 quem
929 3091 1124 3155 descendisse
1136 3092 1240 3173 Gyges

136 3213 227 3285 atque
249 3205 289 3267 ibi
312 3204 478 3266 fabulosum
501 3203 580 3266 illum
604 3222 714 3283 equum
737 3221 863 3266 aeneum
894 3204 1056 3268 offendisse
1079 3224 1096 3268 a
1118 3205 1240 3267 Platona

135 3316 301 3397 inducitur,
334 3318 385 3398 qui
409 3319 438 3380 in
461 3318 602 3380 lateribus
626 3318 688 3379 suis
712 3317 794 3381 iores
817 3318 959 3381 haberet:
993 3338 1066 3401 quas
1089 3320 1138 3381 ubi
1162 3338 1239 3400 ape-

135 3433 210 3510 ruit,
240 3431 486 3495 animadvertisse
512 3433 630 3495 anulum
654 3450 777 3495 aureum
800 3433 830 3495 in
854 3432 946 3514 digito
970 3434 1079 3497 mortui
1101 3432 1239 3512 hominis,

136 3547 221 3609 cuius
246 3545 305 3607 illic
329 3544 496 3607 exanimum
526 3562 637 3625 corpus
668 3545 796 3621 iaceret,
828 3545 953 3623 aurique
984 3562 1106 3606 avarum
1132 3550 1239 3606 'sustu-

134 3659 209 3720 lisse
232 3659 361 3720 anulum.
409 3657 469 3722 Sed
493 3676 559 3720 cum
582 3673 616 3720 se
639 3656 676 3720 ad
698 3662 836 3738 pastores
859 3657 1027 3738 recepisset
1049 3656 1169 3738 regios,
1200 3655 1239 3717 de

135 3789 265 3852 quorum
287 3772 353 3853 ipse
383 3789 508 3835 numero
528 3771 640 3852 iuret,
670 3789 742 3834 casu
774 3769 918 3851 quodam,
953 3769 1034 3851 quod
1056 3768 1150 3851 palam
1173 3769 1239 3833 eius

135 3883 217 3946 anuli
234 3882 271 3945 ad
292 3884 417 3965 palmam
440 3888 641 3962 converterat,
663 3883 729 3964 ipse
752 3900 857 3946 omnes
878 3882 1000 3947 videbat
1019 3889 1109 3964 atqua
1124 3901 1142 3945 a
1156 3881 1239 3949 nullo

134 3995 307 4073 videbatur3
332 3997 441 4060 deiude
464 4015 531 4059 curn
555 3996 705 4060 inlocum
728 4016 814 4060 suum
838 4003 1013 4059 revocasset
1036 3996 1164 4076 anulum,
1187 3996 1238 4057 vi-

135 4105 262 4171 debatur
284 4110 321 4171 ab
344 4111 504 4192 omnibus„
537 4111 626 4174 Cuius
649 4110 759 4175 sollers
780 4110 876 4175 factus
898 4109 1048 4190 miraculi,
1080 4107 1239 4192 peranuli
