2692 4666
521 349 567 403 rn
586 349 611 404 s.
633 309 832 403 nonnosum.
1157 349 1221 417 309

127 512 195 583 qnod
222 530 270 565 om.
297 513 337 565 W.
363 511 419 564 blec
446 509 546 576 eth,
576 510 664 563 merito
691 517 864 578 expunxerunt
889 508 1010 574 bluurini3
1039 501 1132 580 legitur
1156 512 1221 564 enirn

126 605 150 653 in
171 600 258 652 Graec.
277 600 327 663 εἰμὶ
346 598 359 649 ὃ
377 600 432 664 εἶμι.
478 600 519 652 11.
539 616 618 670 eperrn
636 616 688 651 non
705 602 758 668 fuit
776 602 805 651 in
822 615 864 652 me
880 597 938 666 rig,
967 601 996 651 in
1014 617 1055 654 me
1072 617 1152 670 epona
1169 617 1222 654 uon

124 694 177 760 fuit
194 689 253 740 edd.
274 688 329 740 Col.
348 688 453 741 Amerb.
472 687 569 739 Erssm.
590 685 659 739 Cost.
680 683 768 739 Pistor.
788 685 870 752 uon,
888 690 917 740 in
935 703 975 740 me
993 704 1079 740 uacuo
1096 705 1150 742 eron
1165 691 1221 760 fuit

127 774 172 826 Bb.
211 775 332 828 Omitturrt
349 779 377 829 in
395 794 435 830 me
454 775 536 826 blbcd.

197 885 220 948 §.
242 883 301 947 466,
321 883 345 933 3.
367 885 454 936 solum
474 883 592 934 restituit
610 880 747 950 affectum]
773 879 811 931 lle
830 880 881 933 hoc
901 880 960 932 loco
978 881 1030 933 vid.
1049 885 1105 936 Oic.
1126 883 1158 935 de
1177 884 1220 935 od.
1325 908 1329 919 ·

125 969 156 1022 11.
176 971 218 1021 20.
243 975 268 1036 §.
287 971 329 1022 69.
373 970 449 1020 3-4.
470 969 501 1018 W
519 970 672 1038 referendo,
703 969 771 1035 qnod
795 969 1094 1039 accipiendumnvidetur
1116 985 1163 1037 pro
1189 974 1223 1026 ad

125 1061 300 1128 referendum.
338 1055 460 1108 Similiter
477 1060 571 1111 Cicero
595 1059 667 1124 epist.
691 1056 722 1107 ad
740 1055 878 1109 familiares
894 1054 945 1109 XV.
967 1058 1012 1122 13,
1032 1058 1071 1109 3.:
1099 1063 1165 1113 mibi
1189 1063 1223 1114 od

125 1149 346 1201 remunerandum
369 1148 437 1198 nibil
460 1154 591 1214 suppetat.
630 1147 771 1213 Referendi
795 1143 861 1212 (isin
880 1161 928 1197 res.
948 1146 1061 1214 adpicta)
1087 1145 1164 1198 hebet
1181 1145 1221 1198 blo

126 1235 268 1302 eodemque
286 1232 364 1283 lectio
383 1234 508 1300 reperitur
525 1233 551 1282 in
571 1231 811 1297 ostentationem,
838 1236 962 1287 reddendi
980 1243 1019 1285 est
1038 1234 1063 1284 in
1082 1232 1167 1300 Bane,
1194 1244 1222 1287 ut

124 1324 151 1374 in
176 1324 250 1374 editis
274 1321 352 1373 libris.
393 1320 460 1373 Dein
484 1322 598 1390 subpetit
620 1319 732 1370 scribunt
756 1320 788 1371 W
815 1329 841 1372 et
865 1319 915 1372 blb.
959 1319 1021 1372 Tum
1045 1325 1073 1374 in
1101 1325 1221 1392 beneficio
1278 1321 1283 1327 ’

124 1413 254 1463 reddendo
279 1409 401 1460 exhibent
424 1405 498 1456 codd.
524 1420 613 1455 omnes
638 1407 750 1473 itemque
776 1406 835 1456 edd.
859 1405 961 1459 Amerb.
981 1406 1079 1459 Erusm.
1100 1406 1169 1477 Cost.
1195 1417 1222 1461 et

124 1498 212 1551 Pistor.
232 1515 254 1549 c.
275 1497 363 1576 Rom,
392 1499 422 1547 in
446 1497 566 1564 beneficio
589 1497 725 1564 referendo
750 1493 820 1547 Bebc
844 1503 870 1547 et
897 1496 956 1546 edd.
982 1493 1124 1566 Collled.
1144 1495 1220 1549 llenr.

125 1596 202 1655 etque
220 1585 284 1637 Gilb.
323 1583 396 1636 Geni.
417 1585 471 1638 Cic·
492 1582 525 1634 do
544 1582 587 1633 ott.
607 1580 625 1634 l.
646 1583 685 1635 15.
705 1585 730 1650 §.
750 1584 793 1635 48.
837 1586 861 1636 5.
880 1592 1002 1656 operetur
1020 1583 1065 1636 Bu.
1107 1584 1132 1635 8.
1152 1593 1176 1638 et
1194 1586 1222 1637 ei

124 1674 175 1743 bbg.
214 1674 237 1724 9.
257 1676 324 1744 fucit
341 1674 414 1726 trullo
434 1669 535 1739 llbcdg.

195 1784 219 1847 ς.
235 1778 293 1844 167,
310 1778 332 1828 1.
353 1781 407 1832 ldet
423 1780 492 1830 euim
505 1775 545 1826 W.
560 1775 673 1828 Menoec.
688 1785 714 1859 et
726 1775 772 1828 Bb.
810 1776 867 1829 blox
883 1780 969 1844 etiem,
989 1779 1056 1848 quod
1071 1786 1129 1857 post
1143 1779 1219 1832 beni·
1287 1776 1290 1780 ’

123 1871 237 1923 uoleutio
249 1867 399 1916 invexerunt
408 1863 513 1923 llnnrini
527 1860 609 1928 (Babc
623 1871 648 1914 et
660 1862 718 1915 edd.
728 1862 783 1916 Col.
795 1872 871 1932 etque
880 1863 946 1916 llled.
958 1865 1078 1918 exhibent
1090 1866 1126 1933 ot)
1140 1883 1220 1934 pree-

125 1954 243 2007 euntibus
261 1952 361 2019 scriptis
380 1949 495 2002 omnibus
514 1950 657 2018 ceterisque
677 1949 750 2002 edilis
771 1952 851 2003 omisi.
887 1951 912 2003 2.
932 1955 1028 2022 affectu
1045 1951 1088 2018 141,
1107 1955 1218 2023 offertur
1250 1995 1252 2002 ,

123 2094 187 2160 Bab,
206 2094 326 2164 effectum
339 2089 422 2154 blbcd,
441 2070 548 2160 effectus
562 2090 612 2159 ng.
644 2088 709 2141 Dein
725 2057 743 2092 n
758 2094 880 2161 requitur
896 2093 927 2157 (πῖ
940 2091 972 2143 el)
985 2092 1017 2144 ul.
1031 2109 1063 2143 m.
1079 2093 1219 2162 superscr.)

122 2183 176 2248 lla,
204 2182 363 2249 insequitur
381 2179 458 2230 ceteri
478 2176 590 2231 llonecc.
610 2180 636 2230 in
655 2187 782 2231 contextu.
825 2178 849 2231 3.
869 2197 924 2234 usu
942 2180 1053 2250 blbcdlg.
1090 2180 1152 2233 Tum
1170 2199 1218 2250 pro

124 2283 147 2326 et
166 2271 204 2322 lle
223 2287 254 2320 en
273 2275 359 2319 mutat.
380 2266 457 2319 habet
477 2277 532 2333 est,
560 2268 629 2336 quod
653 2271 778 2336 reperitur
802 2283 905 2337 quoque
929 2270 954 2320 in
980 2270 1073 2320 ceteris
1092 2268 1218 2337 Menace,
1250 2317 1257 2328 ,

124 2359 269 2427 quibuscum
297 2356 443 2422 conspirent
470 2354 528 2405 edd.
556 2355 659 2407 Amerb.
688 2365 714 2406 et
741 2355 877 2407 linurinnm
908 2357 1090 2409 antecedentes
1120 2373 1217 2411 omnes.

123 2449 147 2499 4.
167 2446 226 2498 Post
244 2447 391 2499 communis
409 2445 535 2511 quaedum
553 2445 576 2493 in
596 2443 635 2494 lic
652 2442 696 2495 iol.
711 2441 754 2508 40,
774 2443 797 2494 b.
818 2444 861 2494 lin.
881 2453 943 2496 eutr.
962 2445 1027 2495 mele
1045 2445 1160 2496 turbatus
1180 2454 1219 2496 est

124 2537 240 2587 loliorum
267 2533 339 2584 ordo.
376 2530 452 2599 Seqq.
478 2531 545 2581 enlm
570 2530 694 2582 habentur
719 2530 763 2582 iol.
785 2532 832 2596 49,
852 2546 874 2582 e.
898 2532 915 2583 l.
937 2531 961 2581 1.
1007 2531 1031 2581 5.
1052 2535 1217 2601 omniumque

122 2624 179 2676 libri
197 2622 310 2674 llonacc.
347 2618 396 2671 Pro
415 2619 483 2685 vulg.
503 2623 631 2673 corenectit
650 2635 672 2670 c.
693 2618 733 2669 W.
753 2618 827 2670 lllhcd
845 2627 871 2670 et
889 2617 959 2670 Bebc
983 2620 1072 2686 scripsi
1096 2624 1215 2672 conectit.

122 2711 179 2762 vid.
203 2713 324 2777 Wapner.
343 2707 361 2760 l.
381 2723 404 2758 c.
429 2724 453 2775 p.
473 2708 532 2757 455.
558 2706 655 2758 111111.
675 2707 699 2758 3.
735 2711 764 2760 Α.
784 2710 874 2761 Maius
898 2714 923 2759 et
942 2710 1042 2761 Osann.
1062 2706 1094 2757 ed
1112 2706 1165 2759 Cic.
1184 2707 1217 2758 de

122 2817 151 2852 re
176 2798 244 2866 publ.
270 2814 295 2864 p.
315 2797 374 2848 246.
417 2794 489 2847 Coni.
514 2795 546 2847 11.
568 2796 606 2848 10.
632 2800 654 2861 §.
675 2796 723 2860 54,
746 2794 768 2845 4.
805 2793 847 2845 lll.
868 2795 892 2846 3.
918 2796 942 2859 §.
963 2793 1003 2845 19.
1028 2811 1053 2863 p.
1073 2795 1122 2845 181
1149 2796 1175 2845 in
1200 2794 1218 2846 1.

123 2886 217 2938 Similia
243 2893 301 2935 sunt
325 2890 448 2938 conicere
470 2882 511 2936 lll.
532 2883 573 2935 19.
599 2886 623 2949 §.
645 2885 702 2936 116.
726 2901 751 2952 p.
771 2884 837 2948 216,
857 2884 881 2935 7.
895 2890 935 2934 >et
958 2886 1099 2937 conubium
1123 2882 1154 2934 ll.
1177 2883 1218 2935 45.

122 2971 257 3040 §.rm
288 2970 328 3023 lll.
349 2972 393 3024 19.
411 2971 564 3037 §.=111‚8.
601 2971 668 3024 Ado.
688 2976 788 3027 (leones.
807 2973 839 3024 ud
858 2972 875 3023 1.
895 2988 917 3023 c.
935 2987 959 3039 p.
980 2970 1040 3021 231.
1086 2970 1218 3039 6.ctpro

122 3072 151 3116 ut
169 3060 230 3112 Bab.
268 3059 335 3111 Dein
355 3077 477 3130 unusque
494 3076 533 3127 pr.
552 3060 592 3110 W.
632 3060 694 3112 Tum
713 3064 899 3115 beniuolentiae
916 3077 947 3114 ee
965 3058 1024 3122 Bac.

226 3199 252 3251 P.
273 3199 314 3251 99.

194 3308 217 3358 4.
237 3311 320 3362 credit
338 3304 383 3358 Bb.
426 3305 762 3379 commoraremur).
806 3309 830 3360 4.
850 3311 946 3363 tullerit
963 3308 1024 3378 (sic)
1037 3300 1070 3360 ‘in
1087 3315 1217 3375 contextu,

121 3400 147 3451 in
166 3414 216 3466 mg.
238 3397 296 3463 „vel
316 3397 427 3450 tuleris“
447 3395 487 3448 W.
525 3395 563 3446 De
586 3411 615 3446 re
640 3394 691 3446 vid.
712 3397 767 3449 Cio.
785 3394 853 3448 beel.
879 3413 902 3447 c.
923 3395 963 3447 43.
989 3400 1014 3464 s.
1035 3397 1076 3447 47.
1120 3395 1145 3447 7.
1165 3400 1219 3451 siti

122 3501 248 3552 superscr.
268 3486 293 3536 in
312 3483 360 3535 llld.
398 3483 463 3535 Dein
485 3486 588 3553 plaudit
605 3480 651 3534 Bb.
699 3482 723 3533 8.
742 3488 828 3553 patuit
846 3483 894 3536 llb.
941 3483 966 3536 9.
990 3487 1022 3538 de
1045 3487 1144 3538 lumine
1167 3487 1215 3538 de-

122 3578 250 3630 scendere
268 3572 315 3639 W,
345 3557 499 3636 accendere,
528 3574 715 3625 beniuolentiae
733 3582 785 3638 eet.
814 3575 904 3643 ltaque
921 3570 973 3635 Bb3
1002 3575 1089 3640 itaque
1106 3585 1157 3621 om.
1170 3570 1215 3622 ·W.

124 3663 163 3715 10.
183 3673 224 3716 est
242 3661 302 3713 defit
320 3663 346 3712 in
364 3658 447 3729 blbcd.
486 3659 526 3711 41.
547 3659 637 3711 Pertic.
657 3669 697 3725 et,
722 3676 797 3728 quem
817 3658 894 3711 llanr.
913 3659 1050 3711 intulerunt
1067 3665 1125 3711 ante
1144 3668 1216 3712 tom·

122 3769 208 3822 quom,
228 3757 299 3802 recte
318 3764 368 3800 orn.
389 3748 462 3800 codd.
485 3734 510 3799 et
529 3746 587 3799 edd.
606 3746 797 3815 praecedentes.
834 3746 895 3798 Tum
915 3765 980 3817 pirae
999 3761 1045 3814 pro
1066 3748 1134 3815 quod
1151 3761 1216 3812 pcr-

121 3854 208 3906 perem
232 3835 275 3888 Bc.
313 3835 370 3887 blox
393 3839 434 3890 illi
458 3839 539 3900 desit,
568 3839 614 3906 qui
640 3863 671 3874 -
696 3838 744 3888 ulii
770 3853 803 3874 -·
827 3838 974 3890 accenderit
998 3833 1118 3886 exhibent
1135 3832 1168 3882 W
1190 3839 1217 3883 ct

121 3926 245 3992 Menoec,
264 3928 321 3980 illis
340 3929 415 3991 desit,
436 3929 528 3996 qui-
550 3927 613 3977 eliis
633 3952 665 3960 -
685 3925 852 3977 accenderint
870 3920 939 3974 Bnbc
958 3939 980 3976 c.
1000 3920 1081 3973 editis.

191 4039 216 4101 §.
237 4035 302 4100 168,
322 4033 347 4086 3.
373 4040 552 4108 coessepnntur
570 4029 594 4081 h.
614 4028 630 4079 l.
651 4027 699 4094 W,
725 4037 753 4082 ut
772 4028 850 4081 llum.
871 4037 897 4081 et
915 4025 979 4080 Gilb.
1015 4024 1065 4078 Pro
1084 4027 1162 4080 debiti
1179 4022 1216 4079 Bc

120 4123 231 4176 habebut
247 4122 331 4195 pmii,
359 4116 427 4188 quod
452 4133 551 4170 erasum
578 4125 623 4168 est.
658 4114 776 4168 Proxime
800 4133 850 4170 nos
874 4122 962 4186 fucere
981 4111 1031 4179 Be,
1060 4117 1149 4184 socero
1165 4128 1216 4167 noe

101 4218 208 4286 'facere
227 4213 289 4281 (sic)
308 4208 351 4264 lie.
394 4211 419 4264 4.
438 4217 548 4264 sanctus
567 4210 607 4262 iob
627 4203 669 4262 ta.
707 4205 768 4262 Tum
792 4214 920 4262 ammonet
938 4203 979 4262 W·
998 4199 1067 4259 ttaef
1088 4208 1115 4256 et
1132 4198 1167 4256 Bn
1192 4216 1216 4256 c.
