2692 4666
137 309 199 374 186
582 307 607 361 s.
627 307 783 363 auunosn

136 468 364 550 oportunitatem
386 469 510 552 reginae
533 476 636 552 stupro
659 470 786 551 potitus,
810 487 916 533 necem
936 473 1004 554 regi
1025 472 1125 536 intulit
1150 472 1236 538 ccta-

134 583 237 662 risque
259 583 460 664 interemptis,
491 601 569 664 quos
591 583 745 647 necandos
768 590 943 667 putaverat,
974 603 1014 647 ne
1036 586 1094 649 sibi
1117 585 1237 668 inpedi-

134 701 234 758 mento
260 695 377 774 forent,
400 695 513 778 Lydiae
536 715 663 780 regnum
686 697 811 779 adeptus
833 706 889 762 est.

222 805 272 871 31.
318 808 379 888 Da,
403 810 515 889 inquit,
538 808 617 871 hunc
640 810 759 872 anulum
782 812 925 894 sapienti,
948 818 980 874 ut
1000 811 1149 886 beneficio
1174 813 1238 877 eius

132 924 231 1005 possit
262 920 371 1001 tatere,
402 940 467 983 cum
499 919 665 1001 deliquerit.
709 922 777 984 Non
801 923 896 986 minus
919 922 1017 1006 fugiet
1044 930 1239 1005 peccatorum

134 1037 320 1119 contagium,
352 1053 437 1116 quam
462 1036 569 1096 sinon
593 1035 688 1115 possit
710 1035 822 1112 tatere;
855 1053 915 1098 non
939 1037 1017 1098 enim
1043 1036 1161 1100 latebra
1184 1054 1237 1101 sa-

134 1150 226 1232 pienti
250 1167 320 1231 spes
343 1147 529 1230 inpunitatis,
559 1146 614 1209 sed
636 1147 806 1210 innocentia
830 1154 883 1211 est.
929 1149 1067 1230 Denique
1096 1149 1152 1212 tem
1174 1169 1239 1212 non

135 1268 217 1329 iusto
251 1273 297 1327 est
322 1265 445 1345 posito,
477 1263 535 1324 sed
567 1263 701 1338 iniusto,
730 1259 758 1345 Ι)
794 1262 862 1342 quia
892 1263 987 1325 iustus
1017 1263 1119 1344 legem
1150 1261 1239 1326 habet

136 1381 241 1443 mentis
273 1396 346 1441 suae
369 1385 398 1440 et
420 1377 575 1458 aequitatis
599 1394 634 1438 ac
657 1376 787 1439 iustitiae
816 1394 889 1438 suae
921 1394 1073 1456 normam,
1106 1376 1238 1458 ideoque

134 1513 195 1558 non
218 1501 335 1557 terrore
358 1509 475 1576 poenae
498 1497 660 1553 revocatur
683 1508 700 1553 a
724 1491 828 1572 outpa,
857 1489 912 1552 sed
933 1487 1099 1553 honestatis
1121 1491 1236 1574 regula.

223 1605 273 1670 32.
318 1607 399 1688 Ergo
420 1610 451 1666 ut
471 1602 508 1664 ad
530 1602 717 1683 propositum
738 1600 914 1678 redeamus,
937 1614 998 1664 uon
1020 1598 1161 1665 fabulosa
1182 1619 1237 1684 pro

135 1720 233 1797 veris,
257 1717 311 1780 sed
331 1735 404 1779 vera
424 1732 479 1797 pro
503 1712 648 1776 fabulosis
668 1714 803 1796 exempta
826 1713 1026 1795 proferamus.
1065 1713 1144 1788 Ouid
1160 1716 1236 1778 enim
1280 1712 1285 1720 ’

135 1833 204 1894 mihi
228 1848 303 1912 opus
328 1837 374 1893 est
396 1830 512 1913 fingere
534 1829 644 1892 hiatum
667 1835 784 1908 terrae,
817 1848 926 1910 equum
949 1847 1074 1892 aeneum
1098 1830 1235 1894 anulum·

137 1963 197 2026 que
220 1962 344 2007 aureum
367 1943 397 2005 in
421 1941 514 2024 digito
538 1939 670 2003 defuncti
692 1947 859 2021 repertum,
887 1942 970 2004 cuius
995 1943 1075 2005 anuli
1098 1950 1179 2007 tanta
1200 1945 1238 2006 sit

134 2060 202 2138 vis,
238 2064 270 2120 ut
292 2075 348 2139 pro
371 2055 493 2119 arbitrio
516 2072 573 2117 suo
609 2053 661 2134 qui
684 2072 752 2116 eum
776 2055 814 2116 sit
837 2055 956 2118 indutus
992 2056 1112 2118 anulum
1143 2057 1255 2139 adpo-1

134 2179 214 2250 reat,
238 2191 302 2234 cum
326 2171 411 2245 vetit;
446 2187 512 2231 oum
537 2175 635 2230 autem
659 2167 750 2247 nolit,
781 2169 958 2250 conspectui
980 2186 1015 2232 se
1037 2173 1237 2251 praesentium

135 2284 305 2362 subtrahat,
339 2291 371 2346 nt
394 2299 538 2364 praesens
561 2299 622 2344 non
652 2282 749 2362 possit
778 2281 898 2346 videri?
943 2282 1059 2365 Nempe
1082 2301 1122 2347 eo
1146 2286 1238 2348 tendit

134 2398 233 2477 istud,
265 2403 361 2460 utrum
392 2396 530 2477 sapiens,
560 2396 648 2457 etiam
671 2396 697 2456 si
719 2395 776 2457 isto
799 2401 898 2458 utatur
921 2381 1028 2475 anuto,
1060 2415 1121 2478 quo
1144 2399 1238 2480 possit

135 2512 256 2593 propria
278 2511 390 2593 flagitia
414 2513 514 2575 celare
537 2516 565 2573 et
588 2530 715 2594 regnum
744 2508 887 2591 adsequi,
921 2512 1034 2574 nolitne
1056 2530 1189 2595 peccaro
1211 2519 1238 2575 et

128 2627 258 2707 ,gravius
278 2623 366 2686 ducat
383 2626 509 2688 secteris
527 2615 698 2706 contagium
721 2639 885 2704 poenarum
909 2604 1081 2704 doloribuS,
1105 2643 1144 2688 an
1164 2643 1237 2690 vero

136 2755 190 2819 spe
212 2738 384 2819 inpunitatis
401 2742 497 2798 utatur
519 2735 556 2799 ad
578 2736 809 2818 perpetrandum
827 2736 951 2798 scelus?
996 2736 1084 2817 Quid,
1108 2739 1236 2819 inquam,

136 2851 205 2912 mihi
239 2869 314 2931 opus
338 2858 384 2912 est
406 2850 547 2933 figmento
576 2850 670 2928 anuli,
705 2867 771 2911 cum
803 2852 915 2930 possim
946 2849 1058 2913 docere
1085 2869 1127 2915 ex
1148 2853 1237 2916 rebus

136 2965 247 3046 gestis,
271 2962 350 3043 quod
375 2965 420 3025 vir
442 2965 581 3045 sapienS,
615 2981 681 3025 cum
704 2963 761 3025 sibi
784 2963 812 3025 in
836 2970 960 3043 peccato
985 2982 1045 3027 nou
1068 2965 1169 3029 solum
1192 2950 1237 3029 la-

136 3077 267 3154 tendum,
290 3076 454 3138 sedetiam
476 3078 662 3159 regnandum
684 3076 810 3155 videret,
832 3077 858 3139 si
877 3084 1032 3157 peccatum
1055 3079 1235 3155 admitterem

135 3198 239 3254 contra
260 3200 358 3252 autem
378 3193 541 3271 periculum
558 3193 661 3254 salutis
682 3201 830 3270 cerneret,
855 3196 880 3255 si
897 3192 1061 3255 declinaret
1076 3191 1234 3277 flagitium

137 3303 264 3386 elegerit
296 3310 393 3365 tamen
423 3306 517 3386 magis
549 3305 714 3386 periculum
746 3305 866 3384 salutis,
898 3313 931 3368 ut
960 3307 1236 3427 vacaret'dnpitio,

132 3422 224 3496 uuam
247 3416 405 3499 flagitium,
430 3435 489 3498 quo
512 3420 569 3481 sibi
591 3437 717 3500 regnum
741 3419 886 3500 pararet?

226 3527 276 3592 33.
322 3531 458 3612 Denique
481 3532 576 3595 David
593 3529 626 3615 ⁶²)
658 3552 723 3596 cum
755 3534 876 3616 sugeret
898 3554 914 3597 a
937 3535 1014 3597 facie
1043 3536 1128 3618 regis
1161 3534 1237 3614 Saut,

136 3643 217 3725 quod
241 3661 309 3709 eum
330 3663 387 3707 rex
409 3665 475 3709 cum
505 3647 600 3709 trihus
629 3647 745 3709 mitibus
777 3651 907 3711 virorum
940 3649 1104 3712 electorum
1128 3649 1167 3711 ad
1188 3651 1237 3712 in·

137 3754 291 3819 terendam
322 3775 427 3821 necem
461 3761 489 3822 in
521 3760 642 3822 deserto
676 3771 852 3841 quaereret,
887 3763 1044 3845 ingressus
1079 3764 1110 3824 iu
1141 3769 1237 3826 castra

121 3868 240 3971 ragis,
258 3888 330 3939 cum
353 3870 550 3935 dormientem
572 3874 763 3954 offendisset,
787 3893 847 3939 non
869 3876 968 3938 sotum
991 3878 1056 3958 ipse
1080 3894 1142 3941 non
1166 3895 1237 3960 per-

135 4017 348 4032 m—

206 4110 234 4178 1)
255 4111 278 4164 1.
298 4113 358 4166 Tim.
379 4113 404 4179 1,
424 4113 449 4166 9.
519 4107 548 4180 2)
571 4114 595 4166 1.
614 4113 677 4185 fleg.
698 4114 742 4181 26,
763 4115 780 4166 2
798 4132 871 4186 seqq.
