2692 4666
368 345 414 400 on
432 342 569 400 onncns
588 341 814 397 nrnrsmonon
831 342 963 397 annau
1171 344 1212 410 35

209 503 259 571 11.
304 505 340 569 Ει
371 508 436 586 cui,
470 508 527 570 nisi
560 507 720 588 unicuique
753 511 887 570 nostrum
922 506 1062 586 scriptum
1096 511 1158 568 est:
1186 501 1214 588 ¹)

121 621 216 702 Scapt
233 622 464 703 possessionem
486 628 569 683 taem
590 623 701 702 spinis,
726 628 756 682 et
776 628 934 700 arpentum
957 626 987 680 et
1007 626 1217 683 caramlocum

119 737 228 817 ollipo,
252 744 282 798 et
304 737 359 799 ori·
377 744 431 799 too
453 735 509 813 fao
533 736 643 799 ostam
666 743 696 797 et
716 742 831 797 nectem
854 743 883 796 et
904 734 1007 796 certic
1031 736 1091 796 tals
1114 735 1219 816 iopam

120 859 151 913 ct
170 851 345 914 stateram?
389 851 546 914 Possessio
570 857 619 913 tua
651 869 734 914 mens
757 856 805 913 tua
830 855 891 927 est,
923 829 1029 912 aurum
1054 855 1135 912 tuum
1165 866 1219 912 cor

120 971 201 1027 mum
235 972 297 1044 est,
333 972 488 1048 argentum
524 972 604 1028 tuum
640 965 789 1045 eloquium
819 970 901 1028 mum
932 970 993 1027 est:
1018 961 1050 1048 ²)
1083 965 1219 1045 Eloquia

121 1079 240 1142 domini
271 1079 396 1160 etoquia
430 1086 535 1155 cesto,
571 1087 733 1160 arpentum
763 1080 834 1160 ipae
866 1078 1084 1140 examinatam.
1136 1079 1219 1146 Bona

122 1194 210 1256 etiam
234 1193 390 1275 possessio
413 1210 497 1255 mens
520 1192 607 1255 bona.
645 1189 783 1273 Denique
804 1191 957 1275 possessio
981 1191 1112 1272 pretiosa
1130 1190 1219 1255 horno

121 1305 258 1369 mundus.
298 1305 385 1388 Sacpi
408 1323 483 1388 crgo
506 1304 583 1368 banc
605 1305 831 1385 possessionem
851 1311 880 1366 et
895 1305 1114 1368 circumvallato
1131 1306 1218 1388 cogi-

121 1420 304 1498 tationibus,
333 1419 446 1482 munito
474 1419 567 1500 spinis
597 1401 819 1497 sollicitudinis,
851 1437 889 1481 ne
911 1420 942 1479 in
966 1437 1030 1480 eam
1052 1421 1169 1482 inruant
1191 1427 1221 1482 et

122 1534 268 1616 captivam
292 1531 400 1595 ducant
421 1531 645 1595 inrationabiles
669 1531 805 1613 corporis
827 1532 993 1613 passiones,
1015 1551 1054 1595 ne
1069 1508 1221 1597 incursent

122 1654 221 1711 motus
245 1664 372 1729 moves,
395 1666 435 1709 ne
458 1644 595 1728 diripiant
617 1646 795 1709 vindemiam
818 1646 899 1726 eius,
921 1652 1111 1710 transeuntes
1134 1632 1219 1712 viam.

124 1759 248 1823 Custodi
281 1758 455 1820 interiorem
485 1756 635 1821 bominem
668 1764 757 1820 tuum.
811 1758 880 1820 Noli
914 1778 982 1822 eum
1014 1761 1099 1842 quasi
1132 1762 1222 1826 vilem

123 1873 291 1957 neglegere
313 1891 348 1934 ac
371 1871 520 1951 fastidire,
545 1873 612 1952 quia
634 1874 765 1953 pretiosa
788 1873 941 1954 possessio
964 1881 1029 1952 est3
1061 1882 1092 1938 et
1114 1877 1219 1939 merito

125 1988 266 2070 pretiosa,
289 1985 373 2048 cuius
397 1985 511 2049 fructus
535 2005 593 2048 non
619 1985 749 2049 caducus
771 1994 802 2049 et
824 1988 1021 2068 temporalis,
1035 1989 1090 2052 sed
1111 1991 1221 2054 stabilis

125 2107 215 2182 atque
239 2105 379 2162 aeternae
401 2098 505 2161 salutis
529 2104 582 2161 est
629 2097 701 2162 Colo
724 2117 800 2181 ergo
823 2101 1046 2182 possessionem
1069 2110 1165 2181 tuam,
1188 2108 1221 2165 ut

126 2215 186 2277 sint
207 2214 259 2277 tibi
284 2216 358 2296 agri.
1007 2216 1048 2281 ’a

217 2325 267 2391 12.
296 2326 412 2409 ‘Alliga
434 2343 604 2390 sermonem
628 2334 719 2407 tuum,
743 2347 781 2391 ne
803 2328 953 2409 luxuriet,
974 2349 1014 2392 ne
1035 2330 1169 2435 laspfviat
1191 2336 1221 2393 et

128 2440 315 2521 multiloquio
338 2446 461 2521 peccata
484 2441 541 2502 sibi
563 2440 694 2524 colligat.
740 2442 783 2506 Sit
812 2444 978 2507 restrictior
1008 2450 1038 2506 et
1063 2444 1135 2525 ripis
1158 2444 1220 2506 suis

129 2559 314 2620 coerceatur.
360 2553 425 2616 Cito
448 2555 540 2617 lutum
563 2554 679 2637 colligit
702 2557 794 2620 amnis
818 2558 981 2621 exundans.
1025 2558 1124 2640 Alliga
1145 2575 1221 2621 sen-

129 2685 196 2731 snm
217 2674 300 2731 tuum
307 2687 318 2744 3
344 2684 407 2729 non
428 2667 466 2728 sit
487 2666 631 2730 remissus
653 2686 689 2731 ac
712 2669 843 2749 defluus,
866 2689 906 2733 ne
928 2671 1042 2735 dicatur
1064 2671 1102 2735 de
1123 2677 1170 2735 te:
1186 2660 1220 2756 ³)

129 2781 202 2845 Neo
224 2788 273 2842 est
293 2781 448 2860 meloome
471 2780 632 2859 adponere
650 2802 747 2865 nepae
764 2784 874 2863 oleam,
898 2805 995 2865 aeque
1012 2787 1219 2868 olle'potorom.

129 2894 227 2959 Habet
249 2911 320 2958 suas
342 2894 473 2958 habenas
496 2895 603 2959 mentis
624 2897 781 2978 sobrietas,
804 2900 910 2980 quibus
927 2902 1042 2984 regitur
1058 2910 1088 2965 et
1102 2903 1219 2984 guber-

130 3015 225 3072 notun.

120 3104 122 3107 ⁵
221 3119 270 3188 13.
316 3122 359 3188 Sit
388 3124 434 3185 ori
462 3129 513 3186 tuo
544 3124 669 3205 ostium,
700 3130 733 3189 ut
754 3125 921 3208 claudetur,
953 3129 1003 3192 ubi
1026 3134 1158 3210 oportet,
1191 3135 1220 3192 et

131 3238 289 3303 obseretur
319 3236 505 3318 diligentius,
538 3253 577 3298 na
605 3236 673 3318 quis
703 3239 733 3299 in
763 3238 943 3302 iracundiam
975 3241 1085 3303 excitet
1113 3257 1219 3302 vocem

131 3360 227 3431 mam,
258 3357 290 3415 et
318 3350 525 3414 contumeliam
553 3350 702 3432 rependas
734 3351 938 3415 contumeliae.
981 3342 1099 3416 Audisti
1129 3352 1220 3415 bodie

130 3465 255 3529 lectum:
272 3461 306 3548 ⁴)
327 3464 508 3528 boecimioi
531 3474 562 3528 et
583 3466 682 3528 nolite
701 3484 843 3545 peccare.
886 3465 969 3548 Ergo
985 3467 1041 3529 etsi
1055 3467 1218 3546 irascimur,

128 3579 199 3662 quia
222 3577 347 3642 allectos
373 3585 499 3642 naturae
527 3585 590 3658 est,
623 3597 684 3642 non
713 3581 884 3661 potestatis3
915 3558 1021 3643 malurn
1051 3597 1220 3644 sermonem

129 3710 193 3757 non
221 3691 409 3779 proferamus
432 3690 470 3754 de
493 3709 549 3754 ore
571 3697 694 3771 nostro,
723 3686 768 3755 ne
792 3695 822 3755 in
853 3686 967 3776 cupam
996 3711 1133 3774 ruamus,
1165 3694 1219 3758 sed

129 3806 233 3890 inam
254 3805 293 3871 sit
313 3805 417 3869 verbis
437 3804 496 3868 tuis
520 3811 550 3868 et
571 3810 691 3884 statera,
711 3805 769 3869 hoc
786 3811 841 3884 est,
864 3806 1011 3870 humilitas
1026 3814 1116 3890 atque
1130 3826 1219 3872 men-

130 3937 220 4002 sura,
251 3925 284 3984 ut
310 3919 411 4005 inpura
438 3925 489 3984 tua
514 3921 606 3983 menti
628 3918 744 3983 subdita
766 3921 811 3984 sit.
856 3920 1063 4036 Restnngatm
1083 3922 1218 3988 habenae

202 4160 503 4234 narranaam.
555 4162 586 4232 a)
605 4162 739 4229 aaron
793 4161 823 4232 a)
839 4162 925 4218 naar.
938 4164 963 4231 1,
975 4165 1000 4220 a.
1053 4150 1215 4234 orans.

956 4259 1011 4327 go
