2692 4666
554 373 579 430 s.
599 372 762 431 amnosu.
1185 380 1205 445 5

105 536 221 621 gaudio
245 538 376 619 accepit,
405 537 484 619 quod
507 537 620 600 iudices
644 557 659 600 a
683 555 717 601 sc
740 539 845 601 directi
867 537 902 601 ad
926 537 1124 602 sacerdotium
1147 558 1205 621 pe-

106 658 252 714 terentur.
298 652 474 715 Laetabatur
504 653 591 715 etiam
613 652 727 715 Probus
755 651 943 734 praefectus,
974 653 1053 733 quod
1081 655 1206 717 verbum

107 767 173 829 eius
196 766 360 848 inpleretur
382 767 413 828 in
435 765 613 842 Ambrosi03
648 765 765 827 dixerat
788 767 865 827 enim
888 766 1107 847 proficiscenti,
1140 785 1206 830 cum

105 877 243 940 mandata
267 879 303 941 ab
328 878 435 941 eodem
459 878 608 957 darentur,
633 884 664 941 ut
687 879 777 941 moris
797 884 859 940 est:
888 877 980 956 Vade,
1005 899 1151 960 agenore
1172 889 1208 943 ut

106 994 222 1069 iudea,
247 994 303 1055 sed
325 1000 361 1054 ut
383 991 558 1071 episcopus.

195 1103 224 1168 9.
270 1104 420 1167 Pendente
442 1105 542 1184 itaque
565 1103 710 1166 relatione
733 1104 840 1165 iterum
863 1102 962 1186 lugam
986 1104 1101 1184 paravit
1115 1109 1206 1186 atque

105 1222 137 1282 in
161 1219 356 1300 possessione
380 1216 533 1279 cuiusdam
555 1216 672 1280 Leontii
696 1216 850 1278 clarissimi
874 1217 930 1279 viri
953 1216 1121 1297 aliquandiu
1148 1215 1205 1279 de-

104 1334 192 1397 lituit.
238 1331 297 1397 Sed
327 1332 377 1394 ubi
404 1331 542 1393 relationi
573 1349 750 1412 responsum
782 1336 844 1409 est,
878 1331 913 1392 ab
944 1330 1049 1394 eodem
1078 1331 1205 1395 Leontio

105 1447 262 1530 proditur3
292 1453 483 1527 praeceptum
514 1446 591 1507 enim
623 1452 687 1507 erat
717 1445 846 1524 vicario,
879 1452 910 1507 ut
937 1446 1088 1507 insisteret
1113 1446 1205 1508 rebus

106 1562 315 1645 perficiendis,
346 1563 396 1642 qui
425 1564 553 1624 iniuncta
585 1561 640 1623 sibi
670 1581 735 1623 cum
764 1561 854 1622 vellet
885 1561 1016 1642 inplere,
1047 1560 1203 1640 proposito

109 1676 208 1740 edicto
231 1678 372 1738 convenit
395 1695 516 1755 omnes,
542 1682 589 1754 ut,
612 1677 637 1738 si
662 1676 772 1738 vellent
795 1676 850 1738 sibi
874 1674 1032 1738 consulere
1054 1675 1205 1754 rebusque

109 1790 188 1868 suis,
220 1787 385 1870 proderent
415 1789 517 1851 virum.
563 1788 699 1851 Proditus
730 1789 830 1868 itaque
861 1795 890 1849 et
919 1789 1062 1850 adductus
1085 1784 1217 1850 Medi0-'

107 1905 205 1966 lanum
229 1921 295 1964 cum
318 1901 507 1983 intellegeret
529 1901 608 1962 circa
631 1877 665 1962 se
688 1901 736 1963 dei
759 1901 948 1980 voluntatem,
972 1919 1029 1962 nec
1047 1919 1081 1963 se
1097 1900 1204 1964 diutius

107 2032 200 2097 posse
222 2015 382 2092 resistere,
415 2013 575 2094 postulavit
604 2031 664 2075 non
695 2031 729 2075 se
758 2014 815 2075 nisi
843 2032 860 2075 a
890 2015 1035 2078 catholico
1060 2015 1203 2097 episcopo

108 2130 268 2211 baptizari3
295 2128 421 2191 sollicite
444 2129 521 2190 enim
545 2130 670 2190 cavebat
691 2127 843 2209 perfidiam
866 2128 1055 2191 atrianorum,
1102 2129 1204 2211 Bapti-

106 2250 192 2307 zatus
222 2244 321 2324 itaque
353 2243 447 2304 fertur
477 2245 574 2305 omnia
606 2243 702 2306 ollicia
732 2243 932 2306 ecclesiastica
961 2245 1092 2325 inplesse
1115 2250 1203 2324 atque

107 2364 212 2421 octava
236 2355 283 2419 die
306 2359 465 2438 episcopus
489 2357 641 2420 ordinatus
666 2364 710 2420 est
733 2377 845 2420 summa
871 2378 935 2422 cum
958 2359 1053 2441 gratia
1085 2365 1113 2420 et
1135 2358 1203 2421 lae·

106 2474 168 2537 titia
191 2480 373 2535 cunctorum.
417 2473 509 2555 Igitur
537 2480 605 2554 post
636 2491 730 2545 annos
762 2474 874 2559 aliquot
905 2472 1099 2536 ordinationis
1130 2490 1203 2535 suae

106 2587 145 2650 ad
167 2589 269 2650 urbem
286 2586 418 2666 Romam,
441 2588 499 2651 hoc
523 2596 580 2667 est,
600 2587 639 2653 ad
660 2591 813 2673 proprium
836 2589 932 2652 solum
951 2588 1086 2670 perrexit
1103 2588 1203 2669 ibique

105 2707 238 2764 sanctam
269 2700 413 2781 puellam,
448 2701 485 2764 de
515 2721 572 2781 qua
605 2718 696 2784 supra
726 2703 971 2783 memoravimus,
1005 2703 1053 2764 cui
1085 2720 1203 2765 manum

107 2815 218 2878 offerre
249 2816 354 2878 solitus
385 2823 465 2895 erat,
498 2819 527 2879 in
558 2816 646 2881 domo
680 2819 801 2900 propria
838 2838 903 2881 cum
937 2835 1096 2900 germana,
1128 2818 1204 2880 sicut

105 2932 278 3012 reliquerat,
294 2931 407 2993 invenit
422 2932 479 2993 iam
495 2939 588 2994 matre
604 2932 751 2997 deluucta.
788 2932 884 3013 Atque
901 2951 967 2994 cum
983 2932 1030 2996 illa
1048 2931 1202 2995 dexteram

105 3045 184 3108 illius
208 3046 410 3126 oscularetur,
443 3046 600 3109 subridens
630 3049 669 3109 ait
698 3047 755 3109 illi:
787 3048 885 3124 Ecce,
917 3055 952 3108 ut
974 3045 1113 3108 dicebam
1136 3045 1202 3122 tibi,

105 3160 284 3221 sacerdotis
304 3178 428 3220 munem
451 3160 614 3222 oscularis.

196 3271 244 3335 10.
290 3273 347 3335 Per
369 3274 446 3335 idem
469 3280 584 3354 tempus
608 3293 673 3337 cum
697 3283 778 3338 trans
802 3276 929 3338 Tiberim
956 3273 1033 3356 apud
1057 3272 1203 3354 quandam

108 3388 300 3451 clarissimam
327 3389 465 3452 invitatus
497 3389 673 3452 sacrificium
705 3391 734 3451 in
765 3390 853 3452 domo
885 3388 1026 3467 offerret,
1059 3386 1203 3468 quaedam

108 3503 291 3583 balneatrix,
322 3523 399 3585 quae
421 3505 583 3588 paralytica
606 3505 636 3566 in
658 3506 736 3567 lecto
760 3505 892 3584 iacebat,
921 3521 987 3565 cum
1011 3501 1204 3586 cognovisset

108 3618 217 3680 ibidem
234 3635 302 3681 esse
319 3619 428 3681 domini
444 3619 641 3697 sacerdotem,
663 3619 692 3680 in
709 3619 813 3681 sellula
829 3636 864 3681 se
879 3617 916 3680 ad
933 3617 1059 3680 eandem
1075 3615 1203 3694 domum,

109 3732 145 3794 ad
168 3752 256 3814 quam
278 3733 327 3795 ille
351 3735 489 3797 invitatus
512 3734 691 3813 advenerat,
719 3734 830 3814 portari
853 3732 923 3796 lecit
946 3738 1034 3813 atque
1057 3729 1152 3793 oranti
1175 3736 1204 3792 et

110 3846 262 3928 inponenti
285 3865 388 3908 manus
412 3848 588 3910 vestimenta
611 3847 713 3929 attigit.
759 3847 842 3920 Quae
872 3865 938 3908 cum
965 3844 1202 3923 exoscularetur,

110 3961 206 4021 statim
236 3962 361 4024 sanitate
391 3968 511 4044 recepta
545 3963 695 4026 ambulare
727 3963 841 4044 coepit,
875 3968 906 4024 ut
938 3962 1100 4044 inpleretur
1132 3957 1203 4022 illud

111 4074 287 4139 dominicum
320 4077 426 4140 dictum
460 4077 497 4139 ad
532 4078 701 4159 apostolos:
734 4077 826 4141 Etiam
862 4077 973 4162 maiora
1007 4075 1052 4136 bis
1088 4072 1200 4137 facietis
