2692 4666
133 336 196 402 188
581 332 607 386 s.
627 329 782 385 antuuosn

131 516 192 560 non
215 503 341 578 possunt
363 497 498 578 potuisse
522 494 587 557 lieri
609 498 642 554 ut
664 495 792 570 taceret,
815 491 866 572 qui
889 490 926 553 de
942 490 993 555 illo
1010 489 1099 573 Gyge
1121 495 1233 573 negant

129 612 264 693 potuisse
287 610 369 687 lieri,
392 615 424 671 ut
448 608 528 670 anuli
549 605 697 670 beneficio
720 605 965 668 absconderetur.

218 718 269 784 36.
316 719 375 784 Sed
399 718 497 782 tabula
520 720 576 782 etsi
599 718 658 778 uim
679 715 849 778 nonhabet
870 715 1013 795 veritatis,
1036 715 1114 779 bane
1134 721 1232 779 tamen

129 837 275 899 rationem
298 833 404 910 babet,
435 837 482 909 ut,
511 830 537 891 si
559 829 656 910 possit
678 827 778 889 celare
800 844 834 889 se
857 828 904 889 vir
926 828 1037 907 iustus,
1069 833 1171 890 tamen
1193 830 1232 891 ita

129 957 282 1030 peecatum
314 947 459 1022 declinet,
493 943 579 1024 quasi
612 941 711 1004 celare
743 959 803 1003 non
836 942 948 1022 possit,
980 959 1039 1003 neo
1069 959 1232 1022 personam

129 1080 213 1124 suam
242 1061 360 1123 indutus
390 1058 524 1134 anulum,
558 1055 612 1119 sed
635 1058 723 1118 vitam
745 1073 828 1116 suam
852 1055 999 1117 Christum
1031 1054 1152 1118 indutus
1176 1055 1232 1118 ab·

131 1173 272 1250 sonalat,
304 1174 381 1234 sieut
404 1169 556 1252 apostolus
580 1170 635 1231 ait:
655 1164 685 1250 ¹)
721 1167 802 1243 Ouia
824 1168 891 1229 aito
913 1176 1022 1230 nostro
1045 1168 1232 1231 abscondita

128 1297 176 1350 eat
206 1306 274 1348 eum
300 1285 426 1347 Christo
454 1286 488 1346 in
519 1285 585 1346 deo.
630 1282 725 1344 Nemo
758 1299 834 1364 ergo
866 1281 914 1344 hio
944 1281 1063 1365 fulgere
1096 1291 1230 1364 quaerat,

129 1416 217 1461 nemo
249 1398 304 1459 sibi
333 1403 471 1479 arroget,
502 1413 589 1458 nemo
621 1411 656 1456 se
686 1395 783 1456 iactet.
827 1393 955 1456 Nolebat
984 1413 1019 1457 se
1043 1394 1229 1480 Christus.²)

129 1510 176 1574 bio
199 1511 358 1593 cognosci,
393 1509 513 1572 nolebat
541 1507 709 1591 praedicari
740 1508 771 1571 iu
800 1507 961 1592 evangelio
989 1524 1101 1572 nomeu
1133 1526 1228 1590 suum,

129 1640 196 1683 eum
223 1623 253 1683 in
275 1623 363 1683 terris
387 1627 577 1697 uersaretur3
606 1621 704 1699 venit,
727 1625 758 1682 ut
779 1620 885 1682 lateret
907 1621 1059 1684 saeculum
1081 1621 1150 1686 boo.
1193 1622 1229 1686 Et

128 1752 185 1798 nos
218 1752 293 1816 ergo
327 1735 414 1797 simili
448 1734 537 1797 modo
572 1733 788 1797 abscondamus
826 1735 914 1797 vitam
952 1741 1084 1799 nostram
1120 1734 1227 1801 Christi

130 1847 291 1928 exemplo,
332 1847 478 1930 fugiamus
516 1848 703 1926 iactantiam,
741 1848 909 1930 praedicari
945 1867 1007 1912 non
1043 1857 1225 1932 expetamus.

127 1960 234 2023 Melius
261 1968 308 2022 est
330 1961 378 2023 bic
402 1977 471 2022 esse
496 1960 526 2022 in
556 1959 732 2038 bumilitate,
764 1960 803 2021 ibi
827 1961 857 2021 in
879 1959 984 2042 gloria.
1031 1960 1108 2023 Cam
1133 1962 1226 2025 etart-

126 2082 211 2151 stas,
242 2074 352 2155 iuquit,
368 2071 401 2156 ³)
430 2075 631 2153 adpareerit,
664 2074 745 2136 bana
768 2082 798 2136 et
819 2092 877 2136 eoa
904 2093 972 2135 eam
998 2074 1055 2138 ttto
1087 2077 1224 2155 adpare-

127 2188 199 2250 bitis
223 2188 257 2247 in
278 2189 391 2268 plot-to.

545 2348 716 2416 CAPUT
747 2351 806 2417 VI.

125 2488 278 2542 Praevalere
306 2489 372 2557 apud
396 2505 443 2541 nos
468 2489 665 2540 emolumentum
692 2503 743 2539 non
771 2495 901 2555 oportere.
938 2486 1003 2551 Quid
1022 2487 1166 2542 obtendere
1183 2503 1227 2541 so·

125 2576 196 2629 leant
214 2581 256 2646 qui
276 2595 290 2629 a
309 2577 441 2629 frumentis
466 2576 563 2628 luorum
591 2585 710 2643 captant,
739 2576 833 2644 quidve
856 2575 905 2627 illis
930 2575 1025 2626 debeat
1053 2573 1226 2643 responderi?

125 2662 173 2715 Ubi
193 2665 288 2716 eisdem
309 2665 458 2734 evangeliea
487 2664 609 2732 parabola
629 2671 655 2714 et
673 2654 816 2715 Salomonis
835 2663 910 2714 effata
928 2662 975 2714 sub
993 2660 1072 2714 oculis
1090 2670 1226 2730 ponuntur.

212 2775 262 2840 37.
307 2778 375 2840 Non
397 2779 495 2840 vineat
517 2779 607 2861 igitur
630 2777 814 2840 honestatem
843 2778 972 2857 utilitas,
1006 2776 1062 2841 sed
1085 2779 1226 2842 honestas

124 2891 278 2953 utilitatem
286 2912 294 2967 ;
329 2890 405 2952 bano
439 2891 506 2952 dico
541 2891 711 2970 utilitatem,
746 2910 823 2972 quae
857 2893 1029 2954 aestimatur
1062 2893 1227 2957 seeundum

123 3003 207 3084 vulgi
230 3003 409 3082 opinionem.
455 3001 649 3064 Mortificetur
673 3003 812 3082 avaritia,
837 3003 980 3067 moriatur
1002 3008 1225 3088 eoncupiscen-

124 3117 171 3178 tia.
224 3115 349 3180 Sanetus
382 3116 413 3176 in
449 3117 683 3196 negotiationem
715 3117 855 3179 introisse
888 3136 922 3180 se
956 3126 1066 3201 negat3
1090 3118 1125 3205 ⁴)
1160 3123 1226 3203 quia

123 3231 286 3312 pretiorum
314 3234 435 3309 captane
461 3229 642 3292 incrementa
668 3247 730 3292 non
758 3231 966 3312 simplicitatis,
998 3232 1053 3295 sed
1071 3237 1224 3298 versutiae

124 3349 178 3406 est.
231 3343 268 3404 Et
298 3343 374 3405 alius
404 3344 461 3406 ait:
487 3340 519 3426 ⁵)
560 3343 699 3426 Capturas
728 3347 834 3423 pretia
860 3344 1009 3424 frementi
1039 3350 1224 3415 mantelas

123 3458 157 3519 in
175 3457 265 3537 plebe
289 3465 343 3519 est.
1108 3514 1114 3524 .
1198 3460 1202 3471 '

210 3566 261 3632 38.
306 3570 432 3633 Deliuita
456 3576 503 3633 est
525 3572 688 3650 sententia,
719 3570 791 3633 nibil
821 3571 1011 3652 disputationi
1038 3573 1223 3655 relinquens,

122 3683 211 3764 quale
242 3685 515 3747 controversiarum
545 3701 642 3766 genus
674 3685 753 3746 solet
782 3684 901 3748 dicendi
927 3702 1014 3765 esse,
1046 3704 1116 3749 eum
1148 3688 1222 3750 alius

121 3796 232 3880 alleget
261 3798 471 3880 agriculturam
499 3795 675 3861 laudabilem
703 3797 781 3879 apud
812 3816 917 3863 omnes
949 3800 1069 3880 baberi,
1105 3778 1232 3866 fructus

126 3947 324 3961 Ἢ

194 4036 222 4106 1)
243 4034 341 4090 cotom.
361 4037 387 4104 3,
406 4037 431 4092 3.
505 4039 534 4109 2)
551 4038 612 4093 Luc.
632 4040 657 4107 9,
676 4040 718 4093 36.
784 4041 813 4110 3)
832 4038 930 4094 Coloss.
950 4039 975 4107 3,
994 4042 1018 4094 l.
1082 4043 1112 4109 4)
1132 4042 1222 4097 Psalm.

120 4122 225 4190 70,15.
296 4126 325 4194 5)
343 4124 417 4180 Prov.
439 4127 481 4194 ll,
500 4126 541 4181 26.
1189 4162 1194 4169 ·
