<?xml version="1.0" encoding="UTF-8"?>
<!DOCTYPE html PUBLIC "-//W3C//DTD XHTML 1.0 Transitional//EN"
    "http://www.w3.org/TR/xhtml1/DTD/xhtml1-transitional.dtd">
<html xmlns="http://www.w3.org/1999/xhtml" xml:lang="en" lang="en">
 <head>
  <title>
</title>
<meta http-equiv="Content-Type" content="text/html;charset=utf-8" />
  <meta name='ocr-system' content='tesseract 3.04.00' />
  <meta name='ocr-capabilities' content='ocr_page ocr_carea ocr_par ocr_line ocrx_word'/>
</head>
<body>
  <div class='ocr_page' id='page_1' title='image "./deofficiisminis00krabgoog_0410.png"; bbox 0 0 2692 4666; ppageno 0'>
   <div class='ocr_carea' id='block_1_1' title="bbox 512 323 1210 400">
    <p class='ocr_par' dir='ltr' id='par_1_1' title="bbox 512 323 1210 400">
     <span class='ocr_line' id='line_1_1' title="bbox 512 323 1210 400; baseline 0.034 -23"><span class='ocrx_word' id='word_1_1' title='bbox 512 324 557 377; x_wconf 83' lang='lat' dir='ltr'><strong><em>in</em></strong></span> <span class='ocrx_word' id='word_1_2' title='bbox 576 323 601 379; x_wconf 91' lang='lat' dir='ltr'><strong><em>s.</em></strong></span> <span class='ocrx_word' id='word_1_3' title='bbox 620 324 820 380; x_wconf 81' lang='lat' dir='ltr'><strong><em>snonostun.</em></strong></span> <span class='ocrx_word' id='word_1_4' title='bbox 1147 332 1210 400; x_wconf 85' lang='lat'><strong><em>393</em></strong></span> 
     </span>
    </p>
   </div>
   <div class='ocr_carea' id='block_1_2' title="bbox 120 484 1212 1000">
    <p class='ocr_par' dir='ltr' id='par_1_2' title="bbox 120 484 1212 730">
     <span class='ocr_line' id='line_1_2' title="bbox 121 484 1212 557; baseline 0.007 -21"><span class='ocrx_word' id='word_1_5' title='bbox 121 493 227 552; x_wconf 85' lang='lat' dir='ltr'><strong><em>excepto</em></strong></span> <span class='ocrx_word' id='word_1_6' title='bbox 251 484 306 551; x_wconf 80' lang='lat' dir='ltr'><strong><em>Mc,</em></strong></span> <span class='ocrx_word' id='word_1_7' title='bbox 334 487 375 554; x_wconf 88' lang='lat' dir='ltr'><strong><em>qui</em></strong></span> <span class='ocrx_word' id='word_1_8' title='bbox 399 484 423 536; x_wconf 93' lang='lat' dir='ltr'><strong><em>b.</em></strong></span> <span class='ocrx_word' id='word_1_9' title='bbox 449 484 466 536; x_wconf 93' lang='grc'><strong><em>1.</em></strong></span> <span class='ocrx_word' id='word_1_10' title='bbox 492 484 580 537; x_wconf 76' lang='lat' dir='ltr'><strong>scribit</strong></span> <span class='ocrx_word' id='word_1_11' title='bbox 604 489 685 555; x_wconf 72' lang='lat' dir='ltr'><strong><em>colop-</em></strong></span> <span class='ocrx_word' id='word_1_12' title='bbox 728 486 754 540; x_wconf 81' lang='lat' dir='ltr'><strong><em>L.</em></strong></span> <span class='ocrx_word' id='word_1_13' title='bbox 774 504 828 556; x_wconf 89' lang='lat' dir='ltr'><strong><em>seq.</em></strong></span> <span class='ocrx_word' id='word_1_14' title='bbox 854 490 981 542; x_wconf 73' lang='lat' dir='ltr'><strong><em>innoxiae</em></strong></span> <span class='ocrx_word' id='word_1_15' title='bbox 1000 487 1031 538; x_wconf 91' lang='lat' dir='ltr'>W</span> <span class='ocrx_word' id='word_1_16' title='bbox 1056 498 1082 541; x_wconf 91' lang='lat' dir='ltr'><strong><em>et</em></strong></span> <span class='ocrx_word' id='word_1_17' title='bbox 1105 506 1142 557; x_wconf 89' lang='lat' dir='ltr'><strong><em>pr.</em></strong></span> <span class='ocrx_word' id='word_1_18' title='bbox 1163 491 1212 545; x_wconf 87' lang='lat' dir='ltr'><strong><em>bia.</em></strong></span> 
     </span>
     <span class='ocr_line' id='line_1_3' title="bbox 121 570 1210 646; baseline 0.007 -24"><span class='ocrx_word' id='word_1_19' title='bbox 121 570 186 624; x_wconf 87' lang='lat' dir='ltr'>Dein</span> <span class='ocrx_word' id='word_1_20' title='bbox 205 590 293 627; x_wconf 72' lang='lat' dir='ltr'><strong><em>roseo</em></strong></span> <span class='ocrx_word' id='word_1_21' title='bbox 312 574 376 642; x_wconf 85' lang='lat' dir='ltr'><strong><em>(sic)</em></strong></span> <span class='ocrx_word' id='word_1_22' title='bbox 394 572 427 624; x_wconf 90' lang='lat' dir='ltr'>W</span> <span class='ocrx_word' id='word_1_23' title='bbox 445 589 552 643; x_wconf 78' lang='lat' dir='ltr'>moxque</span> <span class='ocrx_word' id='word_1_24' title='bbox 572 576 706 629; x_wconf 87' lang='lat' dir='ltr'><strong><em>introrimt</em></strong></span> <span class='ocrx_word' id='word_1_25' title='bbox 728 592 774 643; x_wconf 88' lang='lat' dir='ltr'><strong><em>pro</em></strong></span> <span class='ocrx_word' id='word_1_26' title='bbox 799 580 966 631; x_wconf 82' lang='lat' dir='ltr'><strong><em>intraverunt</em></strong></span> <span class='ocrx_word' id='word_1_27' title='bbox 990 576 1110 646; x_wconf 72' lang='lat' dir='ltr'>exhibent</span> <span class='ocrx_word' id='word_1_28' title='bbox 1134 578 1210 630; x_wconf 90' lang='lat' dir='ltr'><strong>codd.</strong></span> 
     </span>
     <span class='ocr_line' id='line_1_4' title="bbox 120 660 992 730; baseline 0.007 -20"><span class='ocrx_word' id='word_1_29' title='bbox 120 668 223 726; x_wconf 79' lang='lat' dir='ltr'><strong><em>praeter</em></strong></span> <span class='ocrx_word' id='word_1_30' title='bbox 241 660 283 730; x_wconf 77' lang='lat' dir='ltr'><strong><em>ttg</em></strong></span> <span class='ocrx_word' id='word_1_31' title='bbox 301 676 405 727; x_wconf 87' lang='lat' dir='ltr'><strong><em>omnes,</em></strong></span> <span class='ocrx_word' id='word_1_32' title='bbox 423 662 483 713; x_wconf 87' lang='lat' dir='ltr'><strong><em>item</em></strong></span> <span class='ocrx_word' id='word_1_33' title='bbox 503 661 560 713; x_wconf 88' lang='lat' dir='ltr'><strong><em>edd.</em></strong></span> <span class='ocrx_word' id='word_1_34' title='bbox 582 664 693 730; x_wconf 86' lang='lat' dir='ltr'><strong><em>exceptis</em></strong></span> <span class='ocrx_word' id='word_1_35' title='bbox 714 663 767 716; x_wconf 87' lang='lat' dir='ltr'><strong><em>Coi.</em></strong></span> <span class='ocrx_word' id='word_1_36' title='bbox 786 664 863 719; x_wconf 85' lang='lat' dir='ltr'><strong><em>bieur.</em></strong></span> <span class='ocrx_word' id='word_1_37' title='bbox 883 675 909 717; x_wconf 88' lang='lat' dir='ltr'><strong><em>et</em></strong></span> <span class='ocrx_word' id='word_1_38' title='bbox 928 664 992 717; x_wconf 88' lang='lat' dir='ltr'><strong><em>Giib.</em></strong></span> 
     </span>
    </p>

    <p class='ocr_par' dir='ltr' id='par_1_3' title="bbox 121 749 1212 1000">
     <span class='ocr_line' id='line_1_5' title="bbox 191 749 1210 823; baseline 0.008 -23"><span class='ocrx_word' id='word_1_39' title='bbox 191 754 215 816; x_wconf 88' lang='lat'><strong><em>§.</em></strong></span> <span class='ocrx_word' id='word_1_40' title='bbox 236 750 285 815; x_wconf 89' lang='lat'><strong><em>56,</em></strong></span> <span class='ocrx_word' id='word_1_41' title='bbox 306 752 329 803; x_wconf 89' lang='lat'><strong><em>1.</em></strong></span> <span class='ocrx_word' id='word_1_42' title='bbox 348 753 473 818; x_wconf 78' lang='lat' dir='ltr'><strong><em>praetulit</em></strong></span> <span class='ocrx_word' id='word_1_43' title='bbox 490 755 574 805; x_wconf 79' lang='lat' dir='ltr'><strong><em>satuti</em></strong></span> <span class='ocrx_word' id='word_1_44' title='bbox 589 749 654 802; x_wconf 80' lang='lat' dir='ltr'><strong><em>libe.</em></strong></span> <span class='ocrx_word' id='word_1_45' title='bbox 692 750 717 802; x_wconf 86' lang='grc'><strong><em>3.</em></strong></span> <span class='ocrx_word' id='word_1_46' title='bbox 737 756 935 821; x_wconf 72' lang='lat' dir='ltr'><strong><em>condempnavit</em></strong></span> <span class='ocrx_word' id='word_1_47' title='bbox 954 753 1080 823; x_wconf 84' lang='lat' dir='ltr'><strong><em>bibcdeig.</em></strong></span> <span class='ocrx_word' id='word_1_48' title='bbox 1115 755 1139 804; x_wconf 88' lang='lat'><strong><em>5.</em></strong></span> <span class='ocrx_word' id='word_1_49' title='bbox 1160 758 1210 808; x_wconf 86' lang='lat' dir='ltr'><strong><em>ad-</em></strong></span> 
     </span>
     <span class='ocr_line' id='line_1_6' title="bbox 121 835 1212 913; baseline 0.002 -21"><span class='ocrx_word' id='word_1_50' title='bbox 121 842 254 893; x_wconf 81' lang='lat' dir='ltr'><strong><em>commoda</em></strong></span> <span class='ocrx_word' id='word_1_51' title='bbox 265 835 300 890; x_wconf 90' lang='lat' dir='ltr'><strong><em>Bc</em></strong></span> <span class='ocrx_word' id='word_1_52' title='bbox 320 847 345 888; x_wconf 91' lang='lat' dir='ltr'><strong><em>et</em></strong></span> <span class='ocrx_word' id='word_1_53' title='bbox 364 837 493 906; x_wconf 81' lang='lat' dir='ltr'><strong><em>exemplar</em></strong></span> <span class='ocrx_word' id='word_1_54' title='bbox 506 837 582 904; x_wconf 75' lang='lat' dir='ltr'><strong><em>tren,</em></strong></span> <span class='ocrx_word' id='word_1_55' title='bbox 602 843 769 894; x_wconf 87' lang='lat' dir='ltr'><strong><em>accommoda</em></strong></span> <span class='ocrx_word' id='word_1_56' title='bbox 788 841 841 893; x_wconf 89' lang='lat' dir='ltr'><strong><em>rell.</em></strong></span> <span class='ocrx_word' id='word_1_57' title='bbox 860 858 918 893; x_wconf 88' lang='lat' dir='ltr'><strong><em>mss.</em></strong></span> <span class='ocrx_word' id='word_1_58' title='bbox 938 851 1039 909; x_wconf 82' lang='lat' dir='ltr'><strong><em>praeter</em></strong></span> <span class='ocrx_word' id='word_1_59' title='bbox 1052 842 1098 907; x_wconf 78' lang='lat' dir='ltr'>tta,</span> <span class='ocrx_word' id='word_1_60' title='bbox 1117 845 1141 893; x_wconf 91' lang='lat' dir='ltr'><strong><em>in</em></strong></span> <span class='ocrx_word' id='word_1_61' title='bbox 1161 858 1212 913; x_wconf 90' lang='lat' dir='ltr'><strong><em>qun</em></strong></span> 
     </span>
     <span class='ocr_line' id='line_1_7' title="bbox 121 915 1099 1000; baseline 0.008 -24"><span class='ocrx_word' id='word_1_62' title='bbox 121 915 160 978; x_wconf 76' lang='lat' dir='ltr'><strong><em>est</em></strong></span> <span class='ocrx_word' id='word_1_63' title='bbox 180 930 384 991; x_wconf 83' lang='lat' dir='ltr'><strong><em>accommodata,</em></strong></span> <span class='ocrx_word' id='word_1_64' title='bbox 404 925 551 995; x_wconf 83' lang='lat' dir='ltr'><strong><em>vulgatique</em></strong></span> <span class='ocrx_word' id='word_1_65' title='bbox 568 926 634 980; x_wconf 85' lang='lat' dir='ltr'>libri.</span> <span class='ocrx_word' id='word_1_66' title='bbox 672 925 734 978; x_wconf 85' lang='lat' dir='ltr'><strong><em>Turn</em></strong></span> <span class='ocrx_word' id='word_1_67' title='bbox 753 933 981 998; x_wconf 79' lang='lat' dir='ltr'><strong><em>praeponebantur</em></strong></span> <span class='ocrx_word' id='word_1_68' title='bbox 1000 930 1099 1000; x_wconf 83' lang='lat' dir='ltr'><strong><em>bibodg.</em></strong></span> 
     </span>
    </p>
   </div>
   <div class='ocr_carea' id='block_1_3' title="bbox 607 1100 728 1172">
    <p class='ocr_par' dir='ltr' id='par_1_4' title="bbox 607 1100 728 1172">
     <span class='ocr_line' id='line_1_8' title="bbox 607 1100 728 1172; baseline 0.017 -18"><span class='ocrx_word' id='word_1_69' title='bbox 607 1100 668 1172; x_wconf 82' lang='lat' dir='ltr'><strong><em>Cep.</em></strong></span> <span class='ocrx_word' id='word_1_70' title='bbox 687 1101 728 1156; x_wconf 85' lang='lat' dir='ltr'><strong><em>IX.</em></strong></span> 
     </span>
    </p>
   </div>
   <div class='ocr_carea' id='block_1_4' title="bbox 192 1227 1210 1303">
    <p class='ocr_par' dir='ltr' id='par_1_5' title="bbox 192 1227 1210 1303">
     <span class='ocr_line' id='line_1_9' title="bbox 192 1227 1210 1303; baseline 0.01 -26"><span class='ocrx_word' id='word_1_71' title='bbox 192 1234 217 1295; x_wconf 76' lang='lat'><strong><em>§-</em></strong></span> <span class='ocrx_word' id='word_1_72' title='bbox 238 1230 281 1295; x_wconf 78' lang='lat'><strong><em>57,</em></strong></span> <span class='ocrx_word' id='word_1_73' title='bbox 300 1230 325 1281; x_wconf 83' lang='lat'><strong><em>2.</em></strong></span> <span class='ocrx_word' id='word_1_74' title='bbox 350 1233 406 1284; x_wconf 73' lang='lat' dir='ltr'><strong><em>osii</em></strong></span> <span class='ocrx_word' id='word_1_75' title='bbox 431 1228 462 1279; x_wconf 90' lang='lat' dir='ltr'>W</span> <span class='ocrx_word' id='word_1_76' title='bbox 487 1236 513 1280; x_wconf 90' lang='lat' dir='ltr'><strong><em>et</em></strong></span> <span class='ocrx_word' id='word_1_77' title='bbox 539 1244 576 1296; x_wconf 88' lang='lat' dir='ltr'><strong><em>pr.</em></strong></span> <span class='ocrx_word' id='word_1_78' title='bbox 596 1227 642 1279; x_wconf 81' lang='lat' dir='ltr'><strong><em>bie.</em></strong></span> <span class='ocrx_word' id='word_1_79' title='bbox 689 1227 765 1280; x_wconf 80' lang='lat'><strong><em>2-3.</em></strong></span> <span class='ocrx_word' id='word_1_80' title='bbox 791 1233 928 1285; x_wconf 70' lang='lat' dir='ltr'><strong><em>solicitore</em></strong></span> <span class='ocrx_word' id='word_1_81' title='bbox 952 1233 1077 1303; x_wconf 80' lang='lat' dir='ltr'><strong><em>ipnoiiiia</em></strong></span> <span class='ocrx_word' id='word_1_82' title='bbox 1101 1235 1210 1301; x_wconf 79' lang='lat' dir='ltr'><strong><em>iunium,</em></strong></span> 
     </span>
    </p>
   </div>
   <div class='ocr_carea' id='block_1_5' title="bbox 121 1315 1213 1432">
    <p class='ocr_par' dir='ltr' id='par_1_6' title="bbox 121 1315 1213 1432">
     <span class='ocr_line' id='line_1_10' title="bbox 121 1315 1213 1391; baseline -0.001 -14"><span class='ocrx_word' id='word_1_83' title='bbox 121 1331 228 1378; x_wconf 81' lang='lat' dir='ltr'><strong><em>estuare</em></strong></span> <span class='ocrx_word' id='word_1_84' title='bbox 247 1321 275 1371; x_wconf 88' lang='lat' dir='ltr'><strong><em>in</em></strong></span> <span class='ocrx_word' id='word_1_85' title='bbox 295 1321 372 1373; x_wconf 84' lang='lat' dir='ltr'><strong><em>cordo</em></strong></span> <span class='ocrx_word' id='word_1_86' title='bbox 390 1320 483 1371; x_wconf 83' lang='lat' dir='ltr'><strong><em>dieiur</em></strong></span> <span class='ocrx_word' id='word_1_87' title='bbox 501 1334 533 1370; x_wconf 88' lang='lat' dir='ltr'><strong><em>ao</em></strong></span> <span class='ocrx_word' id='word_1_88' title='bbox 550 1319 683 1382; x_wconf 69' lang='lat' dir='ltr'><strong><em>tinctione,</em></strong></span> <span class='ocrx_word' id='word_1_89' title='bbox 702 1319 776 1371; x_wconf 84' lang='lat' dir='ltr'><strong><em>biara</em></strong></span> <span class='ocrx_word' id='word_1_90' title='bbox 788 1315 849 1385; x_wconf 89' lang='lat' dir='ltr'><strong><em>(sic)</em></strong></span> <span class='ocrx_word' id='word_1_91' title='bbox 863 1319 904 1369; x_wconf 85' lang='lat' dir='ltr'><strong><em>ed.</em></strong></span> <span class='ocrx_word' id='word_1_92' title='bbox 918 1317 987 1383; x_wconf 83' lang='lat' dir='ltr'><strong><em>Coi.;</em></strong></span> <span class='ocrx_word' id='word_1_93' title='bbox 1005 1324 1114 1391; x_wconf 77' lang='lat' dir='ltr'><strong><em>iproiiii</em></strong></span> <span class='ocrx_word' id='word_1_94' title='bbox 1124 1325 1213 1376; x_wconf 87' lang='lat' dir='ltr'><strong><em>virum</em></strong></span> 
     </span>
     <span class='ocr_line' id='line_1_11' title="bbox 1200 1403 1213 1432; baseline 0 0"><span class='ocrx_word' id='word_1_95' title='bbox 1200 1403 1213 1432; x_wconf 84' lang='lat'><em>0</em></span> 
     </span>
    </p>
   </div>
   <div class='ocr_carea' id='block_1_6' title="bbox 119 1440 1227 2217">
    <p class='ocr_par' dir='ltr' id='par_1_7' title="bbox 119 1440 1227 2217">
     <span class='ocr_line' id='line_1_12' title="bbox 121 1440 1227 1515; baseline 0.002 -17"><span class='ocrx_word' id='word_1_96' title='bbox 121 1453 243 1498; x_wconf 83' lang='lat' dir='ltr'><strong><em>aestuare</em></strong></span> <span class='ocrx_word' id='word_1_97' title='bbox 268 1447 345 1497; x_wconf 83' lang='lat' dir='ltr'><strong><em>corde</em></strong></span> <span class='ocrx_word' id='word_1_98' title='bbox 369 1440 409 1493; x_wconf 90' lang='lat' dir='ltr'><strong><em>ed.</em></strong></span> <span class='ocrx_word' id='word_1_99' title='bbox 432 1440 513 1506; x_wconf 65' lang='lat' dir='ltr'><strong><em>ttae,</em></strong></span> <span class='ocrx_word' id='word_1_100' title='bbox 542 1443 667 1509; x_wconf 79' lang='lat' dir='ltr'><strong><em>iqnoiiiia</em></strong></span> <span class='ocrx_word' id='word_1_101' title='bbox 691 1443 755 1496; x_wconf 71' lang='lat' dir='ltr'><strong><em>cirri</em></strong></span> <span class='ocrx_word' id='word_1_102' title='bbox 779 1452 843 1496; x_wconf 83' lang='lat' dir='ltr'><strong><em>aest.</em></strong></span> <span class='ocrx_word' id='word_1_103' title='bbox 869 1446 948 1496; x_wconf 83' lang='lat' dir='ltr'><strong><em>eorda</em></strong></span> <span class='ocrx_word' id='word_1_104' title='bbox 972 1442 1024 1508; x_wconf 86' lang='lat' dir='ltr'><strong><em>Bc,</em></strong></span> <span class='ocrx_word' id='word_1_105' title='bbox 1053 1446 1180 1515; x_wconf 66' lang='lat' dir='ltr'><strong><em>ipnodiiia⁴</em></strong></span> <span class='ocrx_word' id='word_1_106' title='bbox 1195 1465 1227 1508; x_wconf 83' lang='grc' dir='ltr'><strong><em>υ,</em></strong></span> 
     </span>
     <span class='ocr_line' id='line_1_13' title="bbox 121 1528 1214 1597; baseline 0.001 -12"><span class='ocrx_word' id='word_1_107' title='bbox 121 1541 183 1585; x_wconf 82' lang='lat' dir='ltr'><strong><em>aest.</em></strong></span> <span class='ocrx_word' id='word_1_108' title='bbox 210 1534 288 1584; x_wconf 89' lang='lat' dir='ltr'><strong><em>corde</em></strong></span> <span class='ocrx_word' id='word_1_109' title='bbox 312 1533 404 1585; x_wconf 70' lang='lat' dir='ltr'><strong><em>dieitur</em></strong></span> <span class='ocrx_word' id='word_1_110' title='bbox 430 1547 461 1583; x_wconf 91' lang='lat' dir='ltr'><strong><em>oo</em></strong></span> <span class='ocrx_word' id='word_1_111' title='bbox 485 1532 623 1597; x_wconf 81' lang='lat' dir='ltr'><strong><em>noctibus,</em></strong></span> <span class='ocrx_word' id='word_1_112' title='bbox 651 1532 727 1583; x_wconf 83' lang='lat' dir='ltr'><strong><em>diere</em></strong></span> <span class='ocrx_word' id='word_1_113' title='bbox 749 1528 801 1593; x_wconf 76' lang='lat' dir='ltr'><strong><em>Ba3</em></strong></span> <span class='ocrx_word' id='word_1_114' title='bbox 829 1534 933 1585; x_wconf 71' lang='lat' dir='ltr'><strong><em>ini-iore</em></strong></span> <span class='ocrx_word' id='word_1_115' title='bbox 956 1536 1036 1586; x_wconf 85' lang='lat' dir='ltr'><strong><em>aiioni</em></strong></span> <span class='ocrx_word' id='word_1_116' title='bbox 1060 1537 1214 1587; x_wconf 87' lang='lat' dir='ltr'><strong><em>detrimenta</em></strong></span> 
     </span>
     <span class='ocr_line' id='line_1_14' title="bbox 119 1617 1213 1691; baseline 0.001 -18"><span class='ocrx_word' id='word_1_117' title='bbox 119 1622 274 1689; x_wconf 76' lang='lat' dir='ltr'><strong><em>patrimonii</em></strong></span> <span class='ocrx_word' id='word_1_118' title='bbox 292 1617 344 1684; x_wconf 73' lang='lat' dir='ltr'><strong><em>tib,</em></strong></span> <span class='ocrx_word' id='word_1_119' title='bbox 371 1622 475 1673; x_wconf 76' lang='lat' dir='ltr'><strong><em>inhiare</em></strong></span> <span class='ocrx_word' id='word_1_120' title='bbox 498 1621 526 1671; x_wconf 88' lang='lat' dir='ltr'><strong><em>in</em></strong></span> <span class='ocrx_word' id='word_1_121' title='bbox 553 1621 634 1671; x_wconf 81' lang='lat' dir='ltr'><strong><em>alieni</em></strong></span> <span class='ocrx_word' id='word_1_122' title='bbox 659 1621 722 1672; x_wconf 80' lang='lat' dir='ltr'><strong><em>detr.</em></strong></span> <span class='ocrx_word' id='word_1_123' title='bbox 748 1628 817 1689; x_wconf 86' lang='lat' dir='ltr'><strong><em>potr.</em></strong></span> <span class='ocrx_word' id='word_1_124' title='bbox 844 1619 902 1670; x_wconf 88' lang='lat' dir='ltr'><strong><em>edd.</em></strong></span> <span class='ocrx_word' id='word_1_125' title='bbox 929 1621 1031 1673; x_wconf 81' lang='lat' dir='ltr'><strong><em>Amerb.</em></strong></span> <span class='ocrx_word' id='word_1_126' title='bbox 1060 1629 1213 1691; x_wconf 71' lang='lat' dir='ltr'>ceteraeque</span> 
     </span>
     <span class='ocr_line' id='line_1_15' title="bbox 122 1706 1213 1779; baseline 0.005 -22"><span class='ocrx_word' id='word_1_127' title='bbox 122 1706 259 1758; x_wconf 83' lang='lat' dir='ltr'><strong><em>bieurinern</em></strong></span> <span class='ocrx_word' id='word_1_128' title='bbox 279 1706 459 1779; x_wconf 75' lang='lat' dir='ltr'><strong><em>antecedentes</em></strong></span> <span class='ocrx_word' id='word_1_129' title='bbox 478 1708 641 1774; x_wconf 80' lang='lat' dir='ltr'><strong><em>conspirante</em></strong></span> <span class='ocrx_word' id='word_1_130' title='bbox 661 1706 750 1758; x_wconf 89' lang='lat' dir='ltr'><strong><em>codice</em></strong></span> <span class='ocrx_word' id='word_1_131' title='bbox 763 1706 814 1776; x_wconf 79' lang='lat' dir='ltr'><strong><em>bg,</em></strong></span> <span class='ocrx_word' id='word_1_132' title='bbox 833 1712 908 1762; x_wconf 84' lang='lat' dir='ltr'><strong><em>diora</em></strong></span> <span class='ocrx_word' id='word_1_133' title='bbox 925 1712 957 1764; x_wconf 87' lang='lat' dir='ltr'><strong><em>in</em></strong></span> <span class='ocrx_word' id='word_1_134' title='bbox 969 1713 1056 1763; x_wconf 81' lang='lat' dir='ltr'><strong><em>atiena</em></strong></span> <span class='ocrx_word' id='word_1_135' title='bbox 1069 1713 1131 1764; x_wconf 87' lang='lat' dir='ltr'><strong><em>detr.</em></strong></span> <span class='ocrx_word' id='word_1_136' title='bbox 1143 1719 1213 1779; x_wconf 86' lang='lat' dir='ltr'><strong><em>potr.</em></strong></span> 
     </span>
     <span class='ocr_line' id='line_1_16' title="bbox 121 1793 1214 1866; baseline 0.005 -21"><span class='ocrx_word' id='word_1_137' title='bbox 121 1793 180 1846; x_wconf 84' lang='lat' dir='ltr'><strong><em>Boc.</em></strong></span> <span class='ocrx_word' id='word_1_138' title='bbox 218 1794 328 1846; x_wconf 85' lang='lat' dir='ltr'>Verbum</span> <span class='ocrx_word' id='word_1_139' title='bbox 346 1795 452 1863; x_wconf 76' lang='lat' dir='ltr'><strong><em>simplex</em></strong></span> <span class='ocrx_word' id='word_1_140' title='bbox 476 1799 566 1860; x_wconf 81' lang='lat' dir='ltr'><strong><em>niara,</em></strong></span> <span class='ocrx_word' id='word_1_141' title='bbox 595 1793 662 1862; x_wconf 91' lang='lat' dir='ltr'><strong><em>quod</em></strong></span> <span class='ocrx_word' id='word_1_142' title='bbox 681 1794 786 1846; x_wconf 84' lang='lat' dir='ltr'><strong><em>Mourini</em></strong></span> <span class='ocrx_word' id='word_1_143' title='bbox 810 1799 885 1848; x_wconf 80' lang='lat' dir='ltr'><strong><em>tacite</em></strong></span> <span class='ocrx_word' id='word_1_144' title='bbox 909 1806 1080 1864; x_wconf 87' lang='lat' dir='ltr'><strong><em>receperunt,</em></strong></span> <span class='ocrx_word' id='word_1_145' title='bbox 1109 1800 1214 1866; x_wconf 84' lang='lat' dir='ltr'><strong><em>egregie</em></strong></span> 
     </span>
     <span class='ocr_line' id='line_1_17' title="bbox 122 1872 1212 1949; baseline 0.001 -16"><span class='ocrx_word' id='word_1_146' title='bbox 122 1881 268 1933; x_wconf 83' lang='lat' dir='ltr'><strong><em>eonirrnont</em></strong></span> <span class='ocrx_word' id='word_1_147' title='bbox 292 1896 341 1932; x_wconf 92' lang='lat' dir='ltr'><strong><em>non</em></strong></span> <span class='ocrx_word' id='word_1_148' title='bbox 366 1882 447 1934; x_wconf 82' lang='lat' dir='ltr'><strong><em>solun]</em></strong></span> <span class='ocrx_word' id='word_1_149' title='bbox 468 1881 519 1933; x_wconf 82' lang='lat' dir='ltr'><strong><em>Bne</em></strong></span> <span class='ocrx_word' id='word_1_150' title='bbox 545 1889 570 1932; x_wconf 84' lang='lat' dir='ltr'><strong><em>et</em></strong></span> <span class='ocrx_word' id='word_1_151' title='bbox 594 1883 634 1934; x_wconf 91' lang='lat' dir='ltr'><strong><em>ed.</em></strong></span> <span class='ocrx_word' id='word_1_152' title='bbox 654 1882 724 1949; x_wconf 78' lang='lat' dir='ltr'><strong><em>eoi,</em></strong></span> <span class='ocrx_word' id='word_1_153' title='bbox 750 1884 795 1936; x_wconf 90' lang='lat' dir='ltr'><strong><em>sed</em></strong></span> <span class='ocrx_word' id='word_1_154' title='bbox 821 1885 894 1935; x_wconf 80' lang='lat' dir='ltr'><strong><em>etiarn</em></strong></span> <span class='ocrx_word' id='word_1_155' title='bbox 913 1872 952 1933; x_wconf 42' lang='lat' dir='ltr'><strong><em>W*</em></strong></span> <span class='ocrx_word' id='word_1_156' title='bbox 970 1893 995 1936; x_wconf 88' lang='lat' dir='ltr'><strong><em>et</em></strong></span> <span class='ocrx_word' id='word_1_157' title='bbox 1014 1885 1127 1936; x_wconf 82' lang='lat' dir='ltr'><strong><em>Monere.</em></strong></span> <span class='ocrx_word' id='word_1_158' title='bbox 1146 1884 1212 1936; x_wconf 85' lang='lat' dir='ltr'><strong><em>libri.</em></strong></span> 
     </span>
     <span class='ocr_line' id='line_1_18' title="bbox 122 1972 1214 2041; baseline -0.002 -14"><span class='ocrx_word' id='word_1_159' title='bbox 122 1974 311 2027; x_wconf 80' lang='lat' dir='ltr'><strong><em>Detrimentum</em></strong></span> <span class='ocrx_word' id='word_1_160' title='bbox 336 1986 382 2037; x_wconf 91' lang='lat' dir='ltr'><strong><em>pro</em></strong></span> <span class='ocrx_word' id='word_1_161' title='bbox 405 1975 557 2025; x_wconf 88' lang='lat' dir='ltr'><strong><em>detrimenta</em></strong></span> <span class='ocrx_word' id='word_1_162' title='bbox 580 1972 668 2039; x_wconf 78' lang='lat' dir='ltr'><strong><em>scripsi</em></strong></span> <span class='ocrx_word' id='word_1_163' title='bbox 693 1989 714 2024; x_wconf 92' lang='lat' dir='ltr'><strong><em>c.</em></strong></span> <span class='ocrx_word' id='word_1_164' title='bbox 734 1973 808 2023; x_wconf 88' lang='lat' dir='ltr'><strong><em>codd.</em></strong></span> <span class='ocrx_word' id='word_1_165' title='bbox 828 1972 859 2021; x_wconf 97' lang='lat' dir='ltr'>W</span> <span class='ocrx_word' id='word_1_166' title='bbox 878 1980 903 2024; x_wconf 89' lang='lat' dir='ltr'><strong><em>et</em></strong></span> <span class='ocrx_word' id='word_1_167' title='bbox 924 1973 1034 2024; x_wconf 86' lang='lat' dir='ltr'><strong><em>Menoec.</em></strong></span> <span class='ocrx_word' id='word_1_168' title='bbox 1056 1988 1163 2041; x_wconf 83' lang='lat' dir='ltr'><strong><em>moxque</em></strong></span> <span class='ocrx_word' id='word_1_169' title='bbox 1183 1987 1214 2025; x_wconf 85' lang='lat' dir='ltr'><strong><em>ex</em></strong></span> 
     </span>
     <span class='ocr_line' id='line_1_19' title="bbox 121 2058 1213 2128; baseline -0.001 -18"><span class='ocrx_word' id='word_1_170' title='bbox 121 2059 210 2110; x_wconf 88' lang='lat' dir='ltr'><strong><em>iisdem</em></strong></span> <span class='ocrx_word' id='word_1_171' title='bbox 234 2059 304 2111; x_wconf 85' lang='lat' dir='ltr'><strong><em>libris</em></strong></span> <span class='ocrx_word' id='word_1_172' title='bbox 329 2073 374 2127; x_wconf 89' lang='lat' dir='ltr'><strong><em>pro</em></strong></span> <span class='ocrx_word' id='word_1_173' title='bbox 399 2058 479 2110; x_wconf 91' lang='lat' dir='ltr'><strong><em>verbo</em></strong></span> <span class='ocrx_word' id='word_1_174' title='bbox 505 2059 645 2126; x_wconf 87' lang='lat' dir='ltr'><strong><em>composito</em></strong></span> <span class='ocrx_word' id='word_1_175' title='bbox 664 2063 768 2113; x_wconf 77' lang='lat' dir='ltr'><strong><em>eleuare</em></strong></span> <span class='ocrx_word' id='word_1_176' title='bbox 784 2061 870 2127; x_wconf 87' lang='lat' dir='ltr'><strong><em>recepi</em></strong></span> <span class='ocrx_word' id='word_1_177' title='bbox 888 2059 993 2128; x_wconf 86' lang='lat' dir='ltr'><strong><em>simplex</em></strong></span> <span class='ocrx_word' id='word_1_178' title='bbox 1014 2063 1116 2126; x_wconf 83' lang='lat' dir='ltr'><strong><em>levare,</em></strong></span> <span class='ocrx_word' id='word_1_179' title='bbox 1145 2058 1213 2127; x_wconf 91' lang='lat' dir='ltr'><strong><em>quod</em></strong></span> 
     </span>
     <span class='ocr_line' id='line_1_20' title="bbox 121 2146 901 2217; baseline 0 -19"><span class='ocrx_word' id='word_1_180' title='bbox 121 2149 154 2199; x_wconf 91' lang='lat' dir='ltr'><strong><em>ob</em></strong></span> <span class='ocrx_word' id='word_1_181' title='bbox 174 2147 332 2216; x_wconf 82' lang='lat' dir='ltr'><strong><em>praecedens</em></strong></span> <span class='ocrx_word' id='word_1_182' title='bbox 351 2151 425 2201; x_wconf 86' lang='lat' dir='ltr'><strong><em>itiore</em></strong></span> <span class='ocrx_word' id='word_1_183' title='bbox 443 2146 521 2198; x_wconf 88' lang='lat' dir='ltr'><strong><em>multo</em></strong></span> <span class='ocrx_word' id='word_1_184' title='bbox 540 2148 622 2217; x_wconf 81' lang='lat' dir='ltr'><strong><em>aptius</em></strong></span> <span class='ocrx_word' id='word_1_185' title='bbox 642 2156 667 2199; x_wconf 87' lang='lat' dir='ltr'><strong><em>et</em></strong></span> <span class='ocrx_word' id='word_1_186' title='bbox 685 2146 775 2198; x_wconf 83' lang='lat' dir='ltr'><strong><em>fortius</em></strong></span> <span class='ocrx_word' id='word_1_187' title='bbox 794 2147 901 2199; x_wconf 85' lang='lat' dir='ltr'><strong><em>videtur.</em></strong></span> 
     </span>
    </p>
   </div>
   <div class='ocr_carea' id='block_1_7' title="bbox 226 2251 330 2305">
    <p class='ocr_par' dir='ltr' id='par_1_8' title="bbox 226 2251 330 2305">
     <span class='ocr_line' id='line_1_21' title="bbox 226 2251 330 2305; baseline 0 -1"><span class='ocrx_word' id='word_1_188' title='bbox 226 2251 252 2304; x_wconf 88' lang='lat' dir='ltr'><strong><em>P.</em></strong></span> <span class='ocrx_word' id='word_1_189' title='bbox 273 2253 330 2305; x_wconf 89' lang='grc'><strong>195.</strong></span> 
     </span>
    </p>
   </div>
   <div class='ocr_carea' id='block_1_8' title="bbox 119 2339 1212 4172">
    <p class='ocr_par' dir='ltr' id='par_1_9' title="bbox 119 2339 1212 3729">
     <span class='ocr_line' id='line_1_22' title="bbox 192 2339 1210 2412; baseline 0 -20"><span class='ocrx_word' id='word_1_190' title='bbox 192 2345 215 2408; x_wconf 84' lang='lat'><strong><em>§.</em></strong></span> <span class='ocrx_word' id='word_1_191' title='bbox 236 2342 278 2406; x_wconf 79' lang='lat'><strong><em>58,</em></strong></span> <span class='ocrx_word' id='word_1_192' title='bbox 299 2341 321 2392; x_wconf 87' lang='grc'><strong><em>1.</em></strong></span> <span class='ocrx_word' id='word_1_193' title='bbox 351 2341 423 2395; x_wconf 82' lang='lat' dir='ltr'><strong><em>Hine</em></strong></span> <span class='ocrx_word' id='word_1_194' title='bbox 440 2351 590 2396; x_wconf 82' lang='lat' dir='ltr'><strong><em>nascuntur</em></strong></span> <span class='ocrx_word' id='word_1_195' title='bbox 608 2345 722 2412; x_wconf 80' lang='lat' dir='ltr'><strong><em>oncupio</em></strong></span> <span class='ocrx_word' id='word_1_196' title='bbox 741 2344 873 2410; x_wconf 76' lang='lat' dir='ltr'><strong><em>quaesitae</em></strong></span> <span class='ocrx_word' id='word_1_197' title='bbox 891 2342 1060 2409; x_wconf 74' lang='lat' dir='ltr'><strong><em>hereditates]</em></strong></span> <span class='ocrx_word' id='word_1_198' title='bbox 1079 2339 1115 2392; x_wconf 83' lang='lat' dir='ltr'><strong><em>lte</em></strong></span> <span class='ocrx_word' id='word_1_199' title='bbox 1135 2339 1210 2392; x_wconf 89' lang='lat' dir='ltr'><strong><em>codd.</em></strong></span> 
     </span>
     <span class='ocr_line' id='line_1_23' title="bbox 122 2410 1211 2498; baseline 0.005 -20"><span class='ocrx_word' id='word_1_200' title='bbox 122 2429 289 2480; x_wconf 85' lang='lat' dir='ltr'><strong><em>binnrinorum</em></strong></span> <span class='ocrx_word' id='word_1_201' title='bbox 308 2430 384 2498; x_wconf 78' lang='lat' dir='ltr'><strong><em>longe</em></strong></span> <span class='ocrx_word' id='word_1_202' title='bbox 403 2429 503 2498; x_wconf 84' lang='lat' dir='ltr'><strong><em>plurimi</em></strong></span> <span class='ocrx_word' id='word_1_203' title='bbox 520 2446 550 2480; x_wconf 88' lang='lat' dir='ltr'><strong><em>oc</em></strong></span> <span class='ocrx_word' id='word_1_204' title='bbox 569 2430 744 2494; x_wconf 84' lang='lat' dir='ltr'><strong><em>vetustissimi,</em></strong></span> <span class='ocrx_word' id='word_1_205' title='bbox 766 2431 800 2480; x_wconf 87' lang='lat' dir='ltr'><strong><em>ite</em></strong></span> <span class='ocrx_word' id='word_1_206' title='bbox 820 2430 895 2480; x_wconf 82' lang='lat' dir='ltr'><strong><em>etiem</em></strong></span> <span class='ocrx_word' id='word_1_207' title='bbox 914 2428 1033 2498; x_wconf 82' lang='lat' dir='ltr'><strong><em>bibcdeig</em></strong></span> <span class='ocrx_word' id='word_1_208' title='bbox 1052 2437 1077 2479; x_wconf 91' lang='lat' dir='ltr'><strong><em>et</em></strong></span> <span class='ocrx_word' id='word_1_209' title='bbox 1096 2444 1126 2480; x_wconf 83' lang='lat' dir='ltr'><strong><em>ex</em></strong></span> <span class='ocrx_word' id='word_1_210' title='bbox 1146 2410 1211 2483; x_wconf 67' lang='lat' dir='ltr'><strong><em>cori.</em></strong></span> 
     </span>
     <span class='ocr_line' id='line_1_24' title="bbox 122 2503 1210 2587; baseline 0.003 -19"><span class='ocrx_word' id='word_1_211' title='bbox 122 2518 160 2569; x_wconf 85' lang='lat' dir='ltr'><strong><em>bie</em></strong></span> <span class='ocrx_word' id='word_1_212' title='bbox 179 2534 208 2569; x_wconf 85' lang='lat' dir='ltr'><strong><em>nc</em></strong></span> <span class='ocrx_word' id='word_1_213' title='bbox 230 2516 264 2569; x_wconf 86' lang='lat' dir='ltr'><strong><em>Bc</em></strong></span> <span class='ocrx_word' id='word_1_214' title='bbox 283 2534 331 2569; x_wconf 86' lang='lat' dir='ltr'><strong><em>nec</em></strong></span> <span class='ocrx_word' id='word_1_215' title='bbox 350 2519 480 2586; x_wconf 86' lang='lat' dir='ltr'><strong><em>discrepet</em></strong></span> <span class='ocrx_word' id='word_1_216' title='bbox 499 2518 539 2570; x_wconf 90' lang='lat' dir='ltr'><strong><em>ed.</em></strong></span> <span class='ocrx_word' id='word_1_217' title='bbox 560 2517 626 2569; x_wconf 87' lang='lat' dir='ltr'><strong><em>Med.</em></strong></span> <span class='ocrx_word' id='word_1_218' title='bbox 662 2517 784 2571; x_wconf 85' lang='lat' dir='ltr'><strong><em>biendose</em></strong></span> <span class='ocrx_word' id='word_1_219' title='bbox 807 2520 931 2571; x_wconf 81' lang='lat' dir='ltr'><strong><em>nascitur</em></strong></span> <span class='ocrx_word' id='word_1_220' title='bbox 948 2520 1062 2587; x_wconf 83' lang='lat' dir='ltr'><strong><em>auoropio</em></strong></span> <span class='ocrx_word' id='word_1_221' title='bbox 1081 2545 1113 2553; x_wconf 87' lang='lat'>—</span> <span class='ocrx_word' id='word_1_222' title='bbox 1132 2503 1210 2572; x_wconf 60' lang='lat' dir='ltr'><strong><em>boress</em></strong></span> 
     </span>
     <span class='ocr_line' id='line_1_25' title="bbox 122 2603 1211 2676; baseline -0.003 -17"><span class='ocrx_word' id='word_1_223' title='bbox 122 2609 211 2660; x_wconf 79' lang='lat' dir='ltr'><strong><em>ditetis</em></strong></span> <span class='ocrx_word' id='word_1_224' title='bbox 230 2607 271 2657; x_wconf 89' lang='lat' dir='ltr'><strong><em>cd.</em></strong></span> <span class='ocrx_word' id='word_1_225' title='bbox 291 2604 362 2670; x_wconf 81' lang='lat' dir='ltr'><strong><em>Coi,</em></strong></span> <span class='ocrx_word' id='word_1_226' title='bbox 390 2609 505 2676; x_wconf 84' lang='lat' dir='ltr'><strong><em>oncupio</em></strong></span> <span class='ocrx_word' id='word_1_227' title='bbox 524 2636 557 2645; x_wconf 93' lang='lat'>-</span> <span class='ocrx_word' id='word_1_228' title='bbox 577 2609 728 2660; x_wconf 72' lang='lat' dir='ltr'><strong><em>hereditarie</em></strong></span> <span class='ocrx_word' id='word_1_229' title='bbox 747 2608 821 2659; x_wconf 84' lang='lat' dir='ltr'><strong><em>etism</em></strong></span> <span class='ocrx_word' id='word_1_230' title='bbox 841 2605 880 2656; x_wconf 93' lang='lat' dir='ltr'><strong><em>W.</em></strong></span> <span class='ocrx_word' id='word_1_231' title='bbox 902 2603 937 2657; x_wconf 81' lang='lat' dir='ltr'><strong><em>Be</em></strong></span> <span class='ocrx_word' id='word_1_232' title='bbox 963 2613 988 2656; x_wconf 90' lang='lat' dir='ltr'><strong><em>et</em></strong></span> <span class='ocrx_word' id='word_1_233' title='bbox 1009 2621 1047 2672; x_wconf 89' lang='lat' dir='ltr'><strong><em>pr.</em></strong></span> <span class='ocrx_word' id='word_1_234' title='bbox 1067 2604 1105 2656; x_wconf 85' lang='lat' dir='ltr'><strong><em>bin</em></strong></span> <span class='ocrx_word' id='word_1_235' title='bbox 1125 2622 1146 2656; x_wconf 87' lang='lat' dir='ltr'><strong><em>c.</em></strong></span> <span class='ocrx_word' id='word_1_236' title='bbox 1167 2606 1211 2671; x_wconf 82' lang='lat' dir='ltr'><strong><em>ec,</em></strong></span> 
     </span>
     <span class='ocr_line' id='line_1_26' title="bbox 121 2691 1212 2763; baseline 0 -17"><span class='ocrx_word' id='word_1_237' title='bbox 121 2698 236 2763; x_wconf 84' lang='lat' dir='ltr'><strong><em>aucupia</em></strong></span> <span class='ocrx_word' id='word_1_238' title='bbox 261 2696 291 2761; x_wconf 88' lang='lat' dir='ltr'><strong><em>(o</em></strong></span> <span class='ocrx_word' id='word_1_239' title='bbox 317 2693 384 2745; x_wconf 83' lang='lat' dir='ltr'><strong><em>finali</em></strong></span> <span class='ocrx_word' id='word_1_240' title='bbox 409 2696 434 2745; x_wconf 88' lang='lat' dir='ltr'><strong><em>in</em></strong></span> <span class='ocrx_word' id='word_1_241' title='bbox 460 2710 508 2747; x_wconf 89' lang='lat' dir='ltr'><strong><em>ros.</em></strong></span> <span class='ocrx_word' id='word_1_242' title='bbox 536 2711 567 2746; x_wconf 84' lang='lat' dir='ltr'><strong><em>ex</em></strong></span> <span class='ocrx_word' id='word_1_243' title='bbox 591 2712 606 2748; x_wconf 96' lang='lat' dir='ltr'><strong><em>o</em></strong></span> <span class='ocrx_word' id='word_1_244' title='bbox 631 2695 719 2763; x_wconf 78' lang='lat' dir='ltr'><strong><em>enain)</em></strong></span> <span class='ocrx_word' id='word_1_245' title='bbox 745 2723 773 2732; x_wconf 89' lang='lat'><em>-</em></span> <span class='ocrx_word' id='word_1_246' title='bbox 793 2695 945 2747; x_wconf 75' lang='lat' dir='ltr'><strong><em>hereditatis</em></strong></span> <span class='ocrx_word' id='word_1_247' title='bbox 964 2691 1017 2757; x_wconf 87' lang='lat' dir='ltr'><strong><em>Bb,</em></strong></span> <span class='ocrx_word' id='word_1_248' title='bbox 1045 2696 1160 2762; x_wconf 85' lang='lat' dir='ltr'><strong><em>aucropio</em></strong></span> <span class='ocrx_word' id='word_1_249' title='bbox 1179 2722 1212 2732; x_wconf 92' lang='lat'><em>-</em></span> 
     </span>
     <span class='ocr_line' id='line_1_27' title="bbox 121 2780 1211 2849; baseline -0.001 -15"><span class='ocrx_word' id='word_1_250' title='bbox 121 2785 293 2835; x_wconf 81' lang='lat' dir='ltr'><strong><em>baereditatis</em></strong></span> <span class='ocrx_word' id='word_1_251' title='bbox 312 2785 429 2848; x_wconf 71' lang='lat' dir='ltr'><strong><em>(beredid</em></strong></span> <span class='ocrx_word' id='word_1_252' title='bbox 450 2781 489 2832; x_wconf 88' lang='lat' dir='ltr'><strong><em>ed.</em></strong></span> <span class='ocrx_word' id='word_1_253' title='bbox 504 2781 593 2846; x_wconf 77' lang='lat' dir='ltr'><strong><em>Rom.)</em></strong></span> <span class='ocrx_word' id='word_1_254' title='bbox 613 2782 766 2849; x_wconf 81' lang='lat' dir='ltr'><strong><em>exemplaria</em></strong></span> <span class='ocrx_word' id='word_1_255' title='bbox 784 2780 887 2832; x_wconf 83' lang='lat' dir='ltr'><strong><em>Amerb.</em></strong></span> <span class='ocrx_word' id='word_1_256' title='bbox 907 2789 1042 2848; x_wconf 87' lang='lat' dir='ltr'><strong><em>ceteroque</em></strong></span> <span class='ocrx_word' id='word_1_257' title='bbox 1062 2789 1120 2832; x_wconf 87' lang='lat' dir='ltr'><strong><em>ente</em></strong></span> <span class='ocrx_word' id='word_1_258' title='bbox 1133 2780 1211 2833; x_wconf 84' lang='lat' dir='ltr'><strong><em>bieur.</em></strong></span> 
     </span>
     <span class='ocr_line' id='line_1_28' title="bbox 121 2867 1211 2935; baseline 0.004 -17"><span class='ocrx_word' id='word_1_259' title='bbox 121 2867 160 2920; x_wconf 88' lang='lat' dir='ltr'><strong><em>De</em></strong></span> <span class='ocrx_word' id='word_1_260' title='bbox 179 2886 207 2920; x_wconf 91' lang='lat' dir='ltr'><strong><em>re</em></strong></span> <span class='ocrx_word' id='word_1_261' title='bbox 226 2869 276 2920; x_wconf 89' lang='lat' dir='ltr'><strong><em>vid.</em></strong></span> <span class='ocrx_word' id='word_1_262' title='bbox 298 2873 352 2925; x_wconf 71' lang='lat' dir='ltr'><strong><em>oio.</em></strong></span> <span class='ocrx_word' id='word_1_263' title='bbox 372 2869 404 2921; x_wconf 88' lang='lat' dir='ltr'><strong><em>de</em></strong></span> <span class='ocrx_word' id='word_1_264' title='bbox 423 2869 490 2920; x_wconf 82' lang='lat' dir='ltr'><strong><em>offic.</em></strong></span> <span class='ocrx_word' id='word_1_265' title='bbox 509 2868 550 2921; x_wconf 83' lang='lat' dir='ltr'><strong><em>lti.</em></strong></span> <span class='ocrx_word' id='word_1_266' title='bbox 572 2868 611 2920; x_wconf 85' lang='lat'><strong><em>18.</em></strong></span> <span class='ocrx_word' id='word_1_267' title='bbox 632 2871 655 2935; x_wconf 90' lang='lat'><strong><em>§.</em></strong></span> <span class='ocrx_word' id='word_1_268' title='bbox 675 2870 717 2922; x_wconf 79' lang='lat'><strong><em>74.</em></strong></span> <span class='ocrx_word' id='word_1_269' title='bbox 753 2868 814 2920; x_wconf 87' lang='lat' dir='ltr'><strong><em>Tum</em></strong></span> <span class='ocrx_word' id='word_1_270' title='bbox 832 2870 1008 2924; x_wconf 73' lang='lat' dir='ltr'><strong><em>eimuiationd</em></strong></span> <span class='ocrx_word' id='word_1_271' title='bbox 1025 2867 1068 2921; x_wconf 85' lang='lat' dir='ltr'><strong><em>Bo.</em></strong></span> <span class='ocrx_word' id='word_1_272' title='bbox 1115 2869 1139 2919; x_wconf 87' lang='grc'><strong><em>6.</em></strong></span> <span class='ocrx_word' id='word_1_273' title='bbox 1160 2871 1211 2922; x_wconf 88' lang='lat' dir='ltr'><strong><em>od-</em></strong></span> 
     </span>
     <span class='ocr_line' id='line_1_29' title="bbox 119 2956 1212 3029; baseline 0.002 -19"><span class='ocrx_word' id='word_1_274' title='bbox 119 2963 230 3027; x_wconf 71' lang='lat' dir='ltr'><strong><em>[eotatoe</em></strong></span> <span class='ocrx_word' id='word_1_275' title='bbox 249 2972 295 3023; x_wconf 88' lang='lat' dir='ltr'><strong><em>pro</em></strong></span> <span class='ocrx_word' id='word_1_276' title='bbox 316 2961 402 3028; x_wconf 78' lang='lat' dir='ltr'><strong><em>offert.</em></strong></span> <span class='ocrx_word' id='word_1_277' title='bbox 420 2965 514 3026; x_wconf 86' lang='lat' dir='ltr'><strong><em>sponte</em></strong></span> <span class='ocrx_word' id='word_1_278' title='bbox 532 2959 629 3026; x_wconf 86' lang='lat' dir='ltr'><strong><em>scripsi.</em></strong></span> <span class='ocrx_word' id='word_1_279' title='bbox 661 2958 770 3009; x_wconf 84' lang='lat' dir='ltr'><strong><em>Verbum</em></strong></span> <span class='ocrx_word' id='word_1_280' title='bbox 789 2961 856 3025; x_wconf 85' lang='lat' dir='ltr'><strong><em>sino,</em></strong></span> <span class='ocrx_word' id='word_1_281' title='bbox 877 2956 946 3026; x_wconf 90' lang='lat' dir='ltr'><strong><em>quod</em></strong></span> <span class='ocrx_word' id='word_1_282' title='bbox 964 2965 1023 3009; x_wconf 88' lang='lat' dir='ltr'><strong><em>ente</em></strong></span> <span class='ocrx_word' id='word_1_283' title='bbox 1042 2961 1070 3011; x_wconf 87' lang='lat' dir='ltr'><strong><em>in</em></strong></span> <span class='ocrx_word' id='word_1_284' title='bbox 1088 2977 1212 3029; x_wconf 83' lang='lat' dir='ltr'><strong><em>supremo</em></strong></span> 
     </span>
     <span class='ocr_line' id='line_1_30' title="bbox 120 3044 1211 3109; baseline -0.001 -12"><span class='ocrx_word' id='word_1_285' title='bbox 120 3048 256 3108; x_wconf 71' lang='lat' dir='ltr'><strong><em>proauitae</em></strong></span> <span class='ocrx_word' id='word_1_286' title='bbox 274 3045 314 3096; x_wconf 84' lang='lat' dir='ltr'><strong><em>bie</em></strong></span> <span class='ocrx_word' id='word_1_287' title='bbox 332 3045 364 3097; x_wconf 85' lang='lat' dir='ltr'><strong><em>ob</em></strong></span> <span class='ocrx_word' id='word_1_288' title='bbox 386 3064 406 3099; x_wconf 92' lang='lat' dir='ltr'><strong><em>r.</em></strong></span> <span class='ocrx_word' id='word_1_289' title='bbox 426 3064 458 3097; x_wconf 89' lang='lat' dir='ltr'><strong><em>m.</em></strong></span> <span class='ocrx_word' id='word_1_290' title='bbox 478 3047 665 3109; x_wconf 68' lang='lat' dir='ltr'><strong><em>interimens,</em></strong></span> <span class='ocrx_word' id='word_1_291' title='bbox 693 3045 734 3097; x_wconf 83' lang='lat' dir='ltr'><strong><em>Me</em></strong></span> <span class='ocrx_word' id='word_1_292' title='bbox 752 3054 836 3097; x_wconf 82' lang='lat' dir='ltr'><strong><em>antem</em></strong></span> <span class='ocrx_word' id='word_1_293' title='bbox 856 3048 880 3096; x_wconf 93' lang='lat' dir='ltr'><strong><em>in</em></strong></span> <span class='ocrx_word' id='word_1_294' title='bbox 903 3053 1021 3098; x_wconf 83' lang='lat' dir='ltr'><strong><em>contextu</em></strong></span> <span class='ocrx_word' id='word_1_295' title='bbox 1039 3044 1131 3108; x_wconf 82' lang='lat' dir='ltr'><strong><em>hebet,</em></strong></span> <span class='ocrx_word' id='word_1_296' title='bbox 1158 3044 1211 3096; x_wconf 86' lang='lat' dir='ltr'><strong><em>Gii-</em></strong></span> 
     </span>
     <span class='ocr_line' id='line_1_31' title="bbox 120 3132 1211 3208; baseline -0.002 -24"><span class='ocrx_word' id='word_1_297' title='bbox 120 3133 208 3185; x_wconf 89' lang='lat' dir='ltr'><strong><em>bertus</em></strong></span> <span class='ocrx_word' id='word_1_298' title='bbox 226 3149 258 3185; x_wconf 79' lang='lat' dir='ltr'><strong><em>ex</em></strong></span> <span class='ocrx_word' id='word_1_299' title='bbox 277 3133 318 3185; x_wconf 88' lang='lat' dir='ltr'><strong><em>ed.</em></strong></span> <span class='ocrx_word' id='word_1_300' title='bbox 336 3133 404 3186; x_wconf 84' lang='lat' dir='ltr'><strong><em>Med.</em></strong></span> <span class='ocrx_word' id='word_1_301' title='bbox 423 3136 538 3201; x_wconf 85' lang='lat' dir='ltr'><strong><em>recipere</em></strong></span> <span class='ocrx_word' id='word_1_302' title='bbox 561 3150 613 3185; x_wconf 91' lang='lat' dir='ltr'><strong><em>non</em></strong></span> <span class='ocrx_word' id='word_1_303' title='bbox 639 3133 762 3198; x_wconf 81' lang='lat' dir='ltr'><strong><em>debebat,</em></strong></span> <span class='ocrx_word' id='word_1_304' title='bbox 791 3150 847 3185; x_wconf 88' lang='lat' dir='ltr'><strong><em>cuni</em></strong></span> <span class='ocrx_word' id='word_1_305' title='bbox 872 3150 966 3185; x_wconf 87' lang='lat' dir='ltr'><strong><em>merem</em></strong></span> <span class='ocrx_word' id='word_1_306' title='bbox 990 3134 1069 3200; x_wconf 79' lang='lat' dir='ltr'><strong><em>sepiat</em></strong></span> <span class='ocrx_word' id='word_1_307' title='bbox 1092 3132 1211 3208; x_wconf 71' lang='lat' dir='ltr'><strong><em>giemum,</em></strong></span> 
     </span>
     <span class='ocr_line' id='line_1_32' title="bbox 121 3219 1212 3290; baseline -0.002 -18"><span class='ocrx_word' id='word_1_308' title='bbox 121 3237 196 3289; x_wconf 85' lang='lat' dir='ltr'><strong><em>quern</em></strong></span> <span class='ocrx_word' id='word_1_309' title='bbox 214 3221 268 3274; x_wconf 92' lang='lat' dir='ltr'><strong><em>rell.</em></strong></span> <span class='ocrx_word' id='word_1_310' title='bbox 289 3221 346 3274; x_wconf 88' lang='lat' dir='ltr'><strong><em>iibri</em></strong></span> <span class='ocrx_word' id='word_1_311' title='bbox 365 3223 449 3290; x_wconf 86' lang='lat' dir='ltr'><strong><em>scripti</em></strong></span> <span class='ocrx_word' id='word_1_312' title='bbox 468 3230 494 3274; x_wconf 92' lang='lat' dir='ltr'><strong><em>et</em></strong></span> <span class='ocrx_word' id='word_1_313' title='bbox 513 3222 573 3274; x_wconf 86' lang='lat' dir='ltr'><strong><em>editi</em></strong></span> <span class='ocrx_word' id='word_1_314' title='bbox 591 3224 639 3273; x_wconf 91' lang='lat' dir='ltr'><strong><em>rite</em></strong></span> <span class='ocrx_word' id='word_1_315' title='bbox 653 3225 778 3273; x_wconf 89' lang='lat' dir='ltr'><strong><em>omittunt.</em></strong></span> <span class='ocrx_word' id='word_1_316' title='bbox 808 3219 926 3273; x_wconf 84' lang='lat' dir='ltr'><strong><em>Ceterum</em></strong></span> <span class='ocrx_word' id='word_1_317' title='bbox 942 3221 973 3272; x_wconf 90' lang='lat' dir='ltr'><strong><em>de</em></strong></span> <span class='ocrx_word' id='word_1_318' title='bbox 986 3220 1034 3272; x_wconf 87' lang='lat' dir='ltr'><strong><em>hoc</em></strong></span> <span class='ocrx_word' id='word_1_319' title='bbox 1047 3219 1212 3272; x_wconf 86' lang='lat' dir='ltr'><strong><em>construendi</em></strong></span> 
     </span>
     <span class='ocr_line' id='line_1_33' title="bbox 121 3308 1211 3378; baseline 0 -19"><span class='ocrx_word' id='word_1_320' title='bbox 121 3309 219 3361; x_wconf 80' lang='lat' dir='ltr'><strong><em>ratione</em></strong></span> <span class='ocrx_word' id='word_1_321' title='bbox 240 3309 312 3377; x_wconf 83' lang='lat' dir='ltr'><strong><em>pluro</em></strong></span> <span class='ocrx_word' id='word_1_322' title='bbox 332 3310 402 3362; x_wconf 89' lang='lat' dir='ltr'><strong><em>dedit</em></strong></span> <span class='ocrx_word' id='word_1_323' title='bbox 421 3310 535 3378; x_wconf 81' lang='lat' dir='ltr'><strong><em>exempla</em></strong></span> <span class='ocrx_word' id='word_1_324' title='bbox 555 3314 715 3364; x_wconf 83' lang='lat' dir='ltr'><strong><em>iinmcborn.</em></strong></span> <span class='ocrx_word' id='word_1_325' title='bbox 735 3308 868 3360; x_wconf 82' lang='lat' dir='ltr'><strong><em>Gremmnt.</em></strong></span> <span class='ocrx_word' id='word_1_326' title='bbox 887 3309 939 3360; x_wconf 80' lang='lat' dir='ltr'><strong><em>Lot.</em></strong></span> <span class='ocrx_word' id='word_1_327' title='bbox 960 3312 983 3375; x_wconf 92' lang='lat'><strong><em>§.</em></strong></span> <span class='ocrx_word' id='word_1_328' title='bbox 999 3309 1056 3360; x_wconf 82' lang='lat'><strong><em>168.</em></strong></span> <span class='ocrx_word' id='word_1_329' title='bbox 1071 3308 1095 3359; x_wconf 93' lang='grc'><strong><em>6.</em></strong></span> <span class='ocrx_word' id='word_1_330' title='bbox 1114 3325 1138 3375; x_wconf 93' lang='lat' dir='ltr'><strong><em>p.</em></strong></span> <span class='ocrx_word' id='word_1_331' title='bbox 1152 3309 1211 3360; x_wconf 83' lang='grc'><strong>636.</strong></span> 
     </span>
     <span class='ocr_line' id='line_1_34' title="bbox 122 3394 1212 3466; baseline 0.001 -19"><span class='ocrx_word' id='word_1_332' title='bbox 122 3394 196 3448; x_wconf 73' lang='lat' dir='ltr'><strong><em>(Ioni.</em></strong></span> <span class='ocrx_word' id='word_1_333' title='bbox 209 3401 316 3466; x_wconf 79' lang='lat' dir='ltr'><strong><em>Zumpt.</em></strong></span> <span class='ocrx_word' id='word_1_334' title='bbox 330 3397 463 3450; x_wconf 84' lang='lat' dir='ltr'><strong><em>Gromnret.</em></strong></span> <span class='ocrx_word' id='word_1_335' title='bbox 476 3397 528 3450; x_wconf 83' lang='lat' dir='ltr'><strong><em>Lat.</em></strong></span> <span class='ocrx_word' id='word_1_336' title='bbox 545 3400 568 3463; x_wconf 91' lang='lat'><strong><em>§.</em></strong></span> <span class='ocrx_word' id='word_1_337' title='bbox 582 3396 641 3449; x_wconf 90' lang='grc'><strong>613.</strong></span> <span class='ocrx_word' id='word_1_338' title='bbox 676 3396 737 3448; x_wconf 87' lang='lat' dir='ltr'><strong><em>Turn</em></strong></span> <span class='ocrx_word' id='word_1_339' title='bbox 756 3414 899 3466; x_wconf 83' lang='lat' dir='ltr'><strong><em>suppremo</em></strong></span> <span class='ocrx_word' id='word_1_340' title='bbox 919 3396 973 3448; x_wconf 83' lang='lat' dir='ltr'><strong><em>Moe</em></strong></span> <span class='ocrx_word' id='word_1_341' title='bbox 991 3395 1071 3464; x_wconf 81' lang='lat' dir='ltr'><strong><em>(coni.</em></strong></span> <span class='ocrx_word' id='word_1_342' title='bbox 1087 3396 1212 3466; x_wconf 81' lang='lat' dir='ltr'><strong><em>Wapner.</em></strong></span> 
     </span>
     <span class='ocr_line' id='line_1_35' title="bbox 121 3483 1210 3556; baseline -0.003 -15"><span class='ocrx_word' id='word_1_343' title='bbox 121 3485 137 3536; x_wconf 81' lang='lat' dir='ltr'><strong><em>l·</em></strong></span> <span class='ocrx_word' id='word_1_344' title='bbox 161 3501 183 3536; x_wconf 80' lang='lat' dir='ltr'><strong><em>c·</em></strong></span> <span class='ocrx_word' id='word_1_345' title='bbox 203 3502 228 3552; x_wconf 81' lang='lat' dir='ltr'><strong><em>p·</em></strong></span> <span class='ocrx_word' id='word_1_346' title='bbox 248 3485 327 3550; x_wconf 75' lang='grc'><strong>4751,</strong></span> <span class='ocrx_word' id='word_1_347' title='bbox 348 3503 505 3555; x_wconf 80' lang='lat' dir='ltr'><strong><em>rupproemo</em></strong></span> <span class='ocrx_word' id='word_1_348' title='bbox 525 3484 569 3550; x_wconf 77' lang='lat' dir='ltr'><strong><em>tte,</em></strong></span> <span class='ocrx_word' id='word_1_349' title='bbox 588 3503 728 3556; x_wconf 84' lang='lat' dir='ltr'><strong><em>euproemo</em></strong></span> <span class='ocrx_word' id='word_1_350' title='bbox 747 3484 850 3536; x_wconf 78' lang='lat' dir='ltr'><strong><em>Ainerb.</em></strong></span> <span class='ocrx_word' id='word_1_351' title='bbox 888 3486 912 3536; x_wconf 82' lang='grc'><strong><em>7.</em></strong></span> <span class='ocrx_word' id='word_1_352' title='bbox 930 3489 1015 3554; x_wconf 81' lang='lat' dir='ltr'><strong><em>perito</em></strong></span> <span class='ocrx_word' id='word_1_353' title='bbox 1033 3501 1072 3552; x_wconf 85' lang='lat' dir='ltr'><strong><em>pr.</em></strong></span> <span class='ocrx_word' id='word_1_354' title='bbox 1092 3483 1140 3548; x_wconf 82' lang='lat' dir='ltr'><strong><em>Me,</em></strong></span> <span class='ocrx_word' id='word_1_355' title='bbox 1156 3503 1210 3554; x_wconf 89' lang='lat' dir='ltr'><strong><em>po-</em></strong></span> 
     </span>
     <span class='ocr_line' id='line_1_36' title="bbox 121 3571 1211 3644; baseline -0.002 -19"><span class='ocrx_word' id='word_1_356' title='bbox 121 3576 179 3626; x_wconf 84' lang='lat' dir='ltr'><strong><em>suit</em></strong></span> <span class='ocrx_word' id='word_1_357' title='bbox 195 3577 244 3626; x_wconf 84' lang='lat' dir='ltr'><strong><em>boe</em></strong></span> <span class='ocrx_word' id='word_1_358' title='bbox 263 3573 303 3624; x_wconf 91' lang='lat' dir='ltr'><strong><em>ed.</em></strong></span> <span class='ocrx_word' id='word_1_359' title='bbox 325 3571 396 3638; x_wconf 83' lang='lat' dir='ltr'><strong><em>cot,</em></strong></span> <span class='ocrx_word' id='word_1_360' title='bbox 421 3578 560 3644; x_wconf 79' lang='lat' dir='ltr'><strong><em>poenitor</em></strong></span> <span class='ocrx_word' id='word_1_361' title='bbox 580 3573 622 3626; x_wconf 87' lang='lat' dir='ltr'><strong><em>Bc.</em></strong></span> <span class='ocrx_word' id='word_1_362' title='bbox 660 3571 686 3624; x_wconf 85' lang='lat' dir='ltr'><strong><em>in</em></strong></span> <span class='ocrx_word' id='word_1_363' title='bbox 706 3573 775 3625; x_wconf 83' lang='lat' dir='ltr'><strong><em>calce</em></strong></span> <span class='ocrx_word' id='word_1_364' title='bbox 794 3580 852 3639; x_wconf 90' lang='lat' dir='ltr'><strong><em>post</em></strong></span> <span class='ocrx_word' id='word_1_365' title='bbox 870 3577 970 3626; x_wconf 80' lang='lat' dir='ltr'><strong><em>tietuini</em></strong></span> <span class='ocrx_word' id='word_1_366' title='bbox 987 3582 1095 3641; x_wconf 82' lang='lat' dir='ltr'><strong><em>ponetur</em></strong></span> <span class='ocrx_word' id='word_1_367' title='bbox 1113 3573 1211 3641; x_wconf 79' lang='lat' dir='ltr'><strong><em>signnm</em></strong></span> 
     </span>
     <span class='ocr_line' id='line_1_37' title="bbox 121 3660 1210 3729; baseline -0.001 -19"><span class='ocrx_word' id='word_1_368' title='bbox 121 3662 334 3729; x_wconf 80' lang='lat' dir='ltr'><strong><em>interrogationis.</em></strong></span> <span class='ocrx_word' id='word_1_369' title='bbox 368 3661 488 3728; x_wconf 82' lang='lat' dir='ltr'><strong><em>Respexit</em></strong></span> <span class='ocrx_word' id='word_1_370' title='bbox 501 3662 593 3714; x_wconf 86' lang='lat' dir='ltr'><strong><em>Noster</em></strong></span> <span class='ocrx_word' id='word_1_371' title='bbox 606 3662 630 3713; x_wconf 88' lang='lat' dir='ltr'><strong><em>h.</em></strong></span> <span class='ocrx_word' id='word_1_372' title='bbox 644 3662 660 3714; x_wconf 85' lang='lat' dir='ltr'><strong><em>l.</em></strong></span> <span class='ocrx_word' id='word_1_373' title='bbox 675 3665 827 3716; x_wconf 74' lang='lat' dir='ltr'><strong><em>Ciceronem</em></strong></span> <span class='ocrx_word' id='word_1_374' title='bbox 839 3662 873 3712; x_wconf 90' lang='lat' dir='ltr'><strong><em>de</em></strong></span> <span class='ocrx_word' id='word_1_375' title='bbox 887 3660 929 3712; x_wconf 82' lang='lat' dir='ltr'><strong><em>off.</em></strong></span> <span class='ocrx_word' id='word_1_376' title='bbox 941 3660 981 3712; x_wconf 86' lang='lat' dir='ltr'><strong><em>itt.</em></strong></span> <span class='ocrx_word' id='word_1_377' title='bbox 994 3662 1034 3713; x_wconf 88' lang='grc'><strong><em>19.</em></strong></span> <span class='ocrx_word' id='word_1_378' title='bbox 1048 3664 1072 3727; x_wconf 88' lang='lat'><strong><em>§.</em></strong></span> <span class='ocrx_word' id='word_1_379' title='bbox 1085 3663 1116 3714; x_wconf 83' lang='lat'><strong><em>75</em></strong></span> <span class='ocrx_word' id='word_1_380' title='bbox 1131 3670 1157 3712; x_wconf 89' lang='lat' dir='ltr'><strong><em>et</em></strong></span> <span class='ocrx_word' id='word_1_381' title='bbox 1170 3661 1210 3710; x_wconf 87' lang='grc'><strong><em>76.</em></strong></span> 
     </span>
    </p>

    <p class='ocr_par' dir='ltr' id='par_1_10' title="bbox 121 3746 1212 4172">
     <span class='ocr_line' id='line_1_38' title="bbox 192 3746 1210 3816; baseline -0.001 -19"><span class='ocrx_word' id='word_1_382' title='bbox 192 3750 216 3812; x_wconf 73' lang='lat' dir='ltr'><strong><em>s.</em></strong></span> <span class='ocrx_word' id='word_1_383' title='bbox 236 3746 279 3812; x_wconf 86' lang='lat'><strong><em>59,</em></strong></span> <span class='ocrx_word' id='word_1_384' title='bbox 298 3748 323 3799; x_wconf 82' lang='lat'><strong><em>2.</em></strong></span> <span class='ocrx_word' id='word_1_385' title='bbox 349 3751 503 3803; x_wconf 80' lang='lat' dir='ltr'><strong><em>conrnodiue</em></strong></span> <span class='ocrx_word' id='word_1_386' title='bbox 522 3749 571 3816; x_wconf 81' lang='lat' dir='ltr'><strong><em>big.</em></strong></span> <span class='ocrx_word' id='word_1_387' title='bbox 609 3748 688 3800; x_wconf 88' lang='lat' dir='ltr'><strong><em>Deest</em></strong></span> <span class='ocrx_word' id='word_1_388' title='bbox 713 3752 803 3804; x_wconf 84' lang='lat' dir='ltr'><strong><em>inoori</em></strong></span> <span class='ocrx_word' id='word_1_389' title='bbox 826 3751 850 3801; x_wconf 89' lang='lat' dir='ltr'><strong><em>in</em></strong></span> <span class='ocrx_word' id='word_1_390' title='bbox 870 3747 916 3813; x_wconf 84' lang='lat' dir='ltr'><strong><em>W,</em></strong></span> <span class='ocrx_word' id='word_1_391' title='bbox 941 3752 1034 3802; x_wconf 81' lang='lat' dir='ltr'><strong><em>iuvare</em></strong></span> <span class='ocrx_word' id='word_1_392' title='bbox 1056 3748 1143 3800; x_wconf 88' lang='lat' dir='ltr'><strong><em>scribit</em></strong></span> <span class='ocrx_word' id='word_1_393' title='bbox 1161 3746 1210 3796; x_wconf 86' lang='lat' dir='ltr'><strong><em>ttb.</em></strong></span> 
     </span>
     <span class='ocr_line' id='line_1_39' title="bbox 122 3833 1210 3903; baseline 0.002 -16"><span class='ocrx_word' id='word_1_394' title='bbox 122 3833 198 3884; x_wconf 81' lang='grc'><strong>3-4.</strong></span> <span class='ocrx_word' id='word_1_395' title='bbox 223 3853 276 3888; x_wconf 93' lang='lat' dir='ltr'><strong><em>non</em></strong></span> <span class='ocrx_word' id='word_1_396' title='bbox 302 3845 342 3888; x_wconf 85' lang='lat' dir='ltr'><strong><em>est</em></strong></span> <span class='ocrx_word' id='word_1_397' title='bbox 365 3839 529 3891; x_wconf 81' lang='lat' dir='ltr'><strong><em>sacerdotale</em></strong></span> <span class='ocrx_word' id='word_1_398' title='bbox 546 3837 586 3889; x_wconf 92' lang='lat' dir='ltr'><strong><em>W.</em></strong></span> <span class='ocrx_word' id='word_1_399' title='bbox 606 3838 716 3891; x_wconf 84' lang='lat' dir='ltr'><strong><em>Menace.</em></strong></span> <span class='ocrx_word' id='word_1_400' title='bbox 738 3847 762 3890; x_wconf 92' lang='lat' dir='ltr'><strong><em>et</em></strong></span> <span class='ocrx_word' id='word_1_401' title='bbox 781 3836 824 3891; x_wconf 83' lang='lat' dir='ltr'><strong><em>Be.</em></strong></span> <span class='ocrx_word' id='word_1_402' title='bbox 871 3839 894 3890; x_wconf 88' lang='lat'><strong><em>5.</em></strong></span> <span class='ocrx_word' id='word_1_403' title='bbox 919 3855 968 3892; x_wconf 85' lang='lat' dir='ltr'><strong><em>eeu</em></strong></span> <span class='ocrx_word' id='word_1_404' title='bbox 987 3852 1032 3903; x_wconf 95' lang='lat' dir='ltr'><strong><em>pro</em></strong></span> <span class='ocrx_word' id='word_1_405' title='bbox 1050 3853 1080 3889; x_wconf 82' lang='lat' dir='ltr'><strong><em>re</em></strong></span> <span class='ocrx_word' id='word_1_406' title='bbox 1097 3833 1140 3886; x_wconf 83' lang='lat' dir='ltr'><strong><em>Be.</em></strong></span> <span class='ocrx_word' id='word_1_407' title='bbox 1186 3834 1210 3885; x_wconf 81' lang='grc'><strong><em>6.</em></strong></span> 
     </span>
     <span class='ocr_line' id='line_1_40' title="bbox 121 3921 1209 4025; baseline 0.001 -52"><span class='ocrx_word' id='word_1_408' title='bbox 121 3924 203 3990; x_wconf 80' lang='lat' dir='ltr'><strong><em>ipitur</em></strong></span> <span class='ocrx_word' id='word_1_409' title='bbox 220 3931 260 3975; x_wconf 83' lang='lat' dir='ltr'><strong><em>est</em></strong></span> <span class='ocrx_word' id='word_1_410' title='bbox 278 3921 323 3974; x_wconf 78' lang='lat' dir='ltr'><strong><em>bb.</em></strong></span> <span class='ocrx_word' id='word_1_411' title='bbox 361 3922 419 3974; x_wconf 85' lang='lat' dir='ltr'><strong><em>Mox</em></strong></span> <span class='ocrx_word' id='word_1_412' title='bbox 436 3926 502 3977; x_wconf 80' lang='lat' dir='ltr'><strong><em>veile</em></strong></span> <span class='ocrx_word' id='word_1_413' title='bbox 520 3939 534 3974; x_wconf 83' lang='lat' dir='ltr'><strong><em>e</em></strong></span> <span class='ocrx_word' id='word_1_414' title='bbox 552 3939 617 3975; x_wconf 90' lang='lat' dir='ltr'><strong><em>corr.</em></strong></span> <span class='ocrx_word' id='word_1_415' title='bbox 638 3941 668 3976; x_wconf 90' lang='lat' dir='ltr'><strong><em>rn.</em></strong></span> <span class='ocrx_word' id='word_1_416' title='bbox 688 3927 885 4025; x_wconf 78' lang='lat' dir='ltr'><strong><em>superscriptum</em></strong></span> <span class='ocrx_word' id='word_1_417' title='bbox 906 3925 930 3976; x_wconf 94' lang='lat' dir='ltr'><strong><em>in</em></strong></span> <span class='ocrx_word' id='word_1_418' title='bbox 950 3924 988 3974; x_wconf 92' lang='lat' dir='ltr'><strong><em>W.</em></strong></span> <span class='ocrx_word' id='word_1_419' title='bbox 1032 3923 1072 3975; x_wconf 81' lang='lat'><strong><em>10.</em></strong></span> <span class='ocrx_word' id='word_1_420' title='bbox 1090 3939 1141 3993; x_wconf 89' lang='lat' dir='ltr'><strong><em>pro</em></strong></span> <span class='ocrx_word' id='word_1_421' title='bbox 1158 3941 1209 3976; x_wconf 84' lang='lat' dir='ltr'><strong><em>so-</em></strong></span> 
     </span>
     <span class='ocr_line' id='line_1_41' title="bbox 121 4007 1212 4083; baseline 0.001 -22"><span class='ocrx_word' id='word_1_422' title='bbox 121 4013 176 4061; x_wconf 86' lang='lat' dir='ltr'><strong><em>iute</em></strong></span> <span class='ocrx_word' id='word_1_423' title='bbox 194 4007 235 4076; x_wconf 78' lang='lat' dir='ltr'><strong><em>Mg</em></strong></span> <span class='ocrx_word' id='word_1_424' title='bbox 253 4027 285 4061; x_wconf 83' lang='lat' dir='ltr'><strong><em>ex</em></strong></span> <span class='ocrx_word' id='word_1_425' title='bbox 303 4027 368 4062; x_wconf 89' lang='lat' dir='ltr'><strong><em>corr.</em></strong></span> <span class='ocrx_word' id='word_1_426' title='bbox 389 4013 413 4062; x_wconf 92' lang='lat' dir='ltr'><strong><em>in</em></strong></span> <span class='ocrx_word' id='word_1_427' title='bbox 433 4027 485 4080; x_wconf 82' lang='lat' dir='ltr'><strong><em>ing.</em></strong></span> <span class='ocrx_word' id='word_1_428' title='bbox 504 4011 589 4064; x_wconf 85' lang='lat' dir='ltr'><strong><em>hebet.</em></strong></span> <span class='ocrx_word' id='word_1_429' title='bbox 628 4013 669 4064; x_wconf 89' lang='grc'><strong><em>11.</em></strong></span> <span class='ocrx_word' id='word_1_430' title='bbox 688 4017 835 4083; x_wconf 79' lang='lat' dir='ltr'><strong><em>pioriosur&#39;n</em></strong></span> <span class='ocrx_word' id='word_1_431' title='bbox 853 4022 893 4068; x_wconf 86' lang='lat' dir='ltr'><strong><em>oet</em></strong></span> <span class='ocrx_word' id='word_1_432' title='bbox 909 4014 995 4081; x_wconf 87' lang='lat' dir='ltr'><strong><em>recepi</em></strong></span> <span class='ocrx_word' id='word_1_433' title='bbox 1014 4028 1028 4064; x_wconf 90' lang='lat' dir='ltr'><strong><em>e</em></strong></span> <span class='ocrx_word' id='word_1_434' title='bbox 1046 4011 1119 4063; x_wconf 88' lang='lat' dir='ltr'><strong><em>codd.</em></strong></span> <span class='ocrx_word' id='word_1_435' title='bbox 1134 4011 1166 4060; x_wconf 94' lang='lat' dir='ltr'>W</span> <span class='ocrx_word' id='word_1_436' title='bbox 1185 4018 1212 4062; x_wconf 91' lang='lat' dir='ltr'><strong><em>ct</em></strong></span> 
     </span>
     <span class='ocr_line' id='line_1_42' title="bbox 123 4097 1210 4172; baseline 0 -23"><span class='ocrx_word' id='word_1_437' title='bbox 123 4097 252 4164; x_wconf 79' lang='lat' dir='ltr'><strong><em>Monere,</em></strong></span> <span class='ocrx_word' id='word_1_438' title='bbox 279 4103 346 4171; x_wconf 79' lang='lat' dir='ltr'><strong><em>pior.</em></strong></span> <span class='ocrx_word' id='word_1_439' title='bbox 371 4106 408 4154; x_wconf 84' lang='lat' dir='ltr'><strong><em>eit</em></strong></span> <span class='ocrx_word' id='word_1_440' title='bbox 433 4101 493 4152; x_wconf 84' lang='lat' dir='ltr'><strong><em>dont</em></strong></span> <span class='ocrx_word' id='word_1_441' title='bbox 511 4098 580 4152; x_wconf 85' lang='lat' dir='ltr'><strong><em>Bebc</em></strong></span> <span class='ocrx_word' id='word_1_442' title='bbox 605 4117 661 4153; x_wconf 89' lang='lat' dir='ltr'><strong><em>enm</em></strong></span> <span class='ocrx_word' id='word_1_443' title='bbox 686 4101 769 4154; x_wconf 88' lang='lat' dir='ltr'><strong><em>editis.</em></strong></span> <span class='ocrx_word' id='word_1_444' title='bbox 805 4101 845 4154; x_wconf 85' lang='lat' dir='ltr'><strong><em>De</em></strong></span> <span class='ocrx_word' id='word_1_445' title='bbox 865 4117 936 4172; x_wconf 88' lang='lat' dir='ltr'><strong><em>seqq.</em></strong></span> <span class='ocrx_word' id='word_1_446' title='bbox 956 4101 1023 4153; x_wconf 84' lang='lat' dir='ltr'><strong><em>coni.</em></strong></span> <span class='ocrx_word' id='word_1_447' title='bbox 1044 4103 1097 4156; x_wconf 79' lang='lat' dir='ltr'><strong><em>Cic.</em></strong></span> <span class='ocrx_word' id='word_1_448' title='bbox 1117 4098 1210 4151; x_wconf 79' lang='lat' dir='ltr'><strong><em>deod.</em></strong></span> 
     </span>
    </p>
   </div>
   <div class='ocr_carea' id='block_1_9' title="bbox 122 4184 1210 4260">
    <p class='ocr_par' dir='ltr' id='par_1_11' title="bbox 122 4184 1210 4260">
     <span class='ocr_line' id='line_1_43' title="bbox 122 4184 1210 4260; baseline 0.006 -19"><span class='ocrx_word' id='word_1_449' title='bbox 122 4184 164 4241; x_wconf 89' lang='lat'><strong><em>111.</em></strong></span> <span class='ocrx_word' id='word_1_450' title='bbox 186 4187 225 4240; x_wconf 84' lang='lat'><strong><em>15.</em></strong></span> <span class='ocrx_word' id='word_1_451' title='bbox 245 4190 269 4252; x_wconf 79' lang='grc' dir='ltr'><strong><em>ς.</em></strong></span> <span class='ocrx_word' id='word_1_452' title='bbox 283 4186 321 4239; x_wconf 74' lang='grc'><strong><em>64,</em></strong></span> <span class='ocrx_word' id='word_1_453' title='bbox 337 4195 363 4240; x_wconf 89' lang='lat' dir='ltr'><strong><em>et</em></strong></span> <span class='ocrx_word' id='word_1_454' title='bbox 383 4189 424 4242; x_wconf 81' lang='lat' dir='ltr'><strong><em>te.</em></strong></span> <span class='ocrx_word' id='word_1_455' title='bbox 443 4191 468 4258; x_wconf 75' lang='grc' dir='ltr'><strong><em>ς.</em></strong></span> <span class='ocrx_word' id='word_1_456' title='bbox 482 4189 523 4244; x_wconf 83' lang='lat' dir='ltr'><strong><em>re.</em></strong></span> <span class='ocrx_word' id='word_1_457' title='bbox 567 4191 591 4244; x_wconf 80' lang='grc'><strong><em>4.</em></strong></span> <span class='ocrx_word' id='word_1_458' title='bbox 611 4190 643 4243; x_wconf 78' lang='lat' dir='ltr'><strong><em>ib</em></strong></span> <span class='ocrx_word' id='word_1_459' title='bbox 663 4190 704 4242; x_wconf 85' lang='lat' dir='ltr'><strong><em>ini.</em></strong></span> <span class='ocrx_word' id='word_1_460' title='bbox 724 4194 817 4248; x_wconf 80' lang='lat' dir='ltr'><strong><em>emur</em></strong></span> <span class='ocrx_word' id='word_1_461' title='bbox 834 4195 903 4248; x_wconf 84' lang='lat' dir='ltr'><strong><em>onim</em></strong></span> <span class='ocrx_word' id='word_1_462' title='bbox 920 4194 963 4250; x_wconf 81' lang='lat' dir='ltr'><strong><em>sir</em></strong></span> <span class='ocrx_word' id='word_1_463' title='bbox 980 4189 1102 4260; x_wconf 76' lang='lat' dir='ltr'><strong><em>nibede,</em></strong></span> <span class='ocrx_word' id='word_1_464' title='bbox 1126 4191 1210 4247; x_wconf 81' lang='lat' dir='ltr'><strong><em>ionut</em></strong></span> 
     </span>
    </p>
   </div>
   <div class='ocr_carea' id='block_1_10' title="bbox 0 0 1350 4666">
    <p class='ocr_par' dir='ltr' id='par_1_12' title="bbox 0 0 1350 4666">
     <span class='ocr_line' id='line_1_44' title="bbox 0 0 1350 4666; baseline 0 0"><span class='ocrx_word' id='word_1_465' title='bbox 0 0 1350 4666; x_wconf 95' lang='lat' dir='ltr'><strong><em> </em></strong></span> 
     </span>
    </p>
   </div>
  </div>
 </body>
</html>
