2692 4666
123 325 187 388 208
572 325 596 378 S.
617 323 771 378 untunosu

123 485 229 546 altatus
252 482 281 546 in
306 502 396 546 eruco
419 484 593 548 medicinam
618 485 790 550 volneribus
813 486 919 550 inludit
946 487 1093 553 humanis.
1139 490 1219 554 Unde

123 599 240 678 etipse
264 597 399 659 domiuus
423 600 479 660 ait:
501 596 528 681 ¹)
558 598 647 660 Siout
669 600 792 680 Moyses
814 602 968 664 exaltavit
988 612 1165 682 serpentem
1189 607 1218 667 in

123 713 258 786 deserto,
282 711 328 770 lto
351 711 486 773 exaltari
510 720 634 790 oportet
653 713 751 791 filiam
771 714 914 778 bominis.

211 820 262 886 95.
301 824 437 904 Denique
460 831 490 887 et
513 826 635 888 alterurn
658 827 775 909 siguum
798 826 835 890 ad
858 827 1007 892 dominnm
1026 829 1126 893 lesum
1150 850 1219 912 per-

123 939 206 1015 tinet,
230 935 310 1018 quod
333 937 403 998 iecit
425 936 566 1018 Moyses:
580 933 613 1020 ²)
636 937 724 999 Misit
744 958 867 1002 monum
888 960 978 1002 soom
1000 942 1172 1020 insicum,
1196 950 1221 1005 et

120 1052 255 1130 protulit
278 1070 363 1127 eone,
396 1059 425 1111 et
452 1050 541 1128 facto
572 1060 619 1113 est
639 1073 751 1115 monas
772 1053 859 1130 eins,
892 1055 976 1116 sicot
995 1056 1063 1117 nior.
1106 1055 1219 1117 lterum

123 1165 218 1240 misit,
243 1172 272 1224 et
292 1164 425 1242 protulit
447 1182 522 1238 eom,
547 1170 577 1224 et
599 1172 669 1224 erut
689 1165 772 1225 sient
786 1167 895 1227 cornis
911 1167 1066 1228 humanae
1080 1168 1219 1245 speciem
1242 1157 1245 1162 ⁵

123 1279 295 1360 significans
329 1277 438 1339 domini
471 1277 539 1340 lesu
570 1279 694 1359 primum
725 1277 874 1361 fulgorem
906 1278 1084 1358 divinitatis,
1118 1287 1219 1361 postea

124 1393 344 1473 susceptionem
368 1391 475 1466 caruis,
498 1389 527 1450 in
551 1408 610 1471 qua
632 1389 690 1452 lule
713 1390 840 1452 credere
863 1409 967 1454 omnes
988 1398 1098 1474 gentes
1121 1412 1219 1475 popu·

123 1505 232 1586 losque
265 1509 427 1585 oporteret.
482 1504 588 1566 Merito
623 1523 740 1566 manum
776 1506 873 1583 misit,
911 1506 979 1586 quia
1013 1504 1142 1569 dextera
1175 1506 1218 1568 dei

125 1617 258 1679 Christus
282 1622 337 1695 est,
360 1617 390 1678 in
412 1615 496 1677 ouius
521 1615 700 1678 divinitatem
724 1621 753 1677 et
775 1616 1007 1679 incarnationem
1030 1618 1058 1679 si
1078 1619 1147 1699 quis
1161 1636 1218 1681 non

125 1728 293 1808 crediderit,
318 1731 402 1809 quasi
425 1731 571 1811 reprobos
594 1729 770 1812 flagellatur,
794 1733 870 1794 sicut
892 1732 947 1793 iste
966 1748 1032 1809 rex,
1055 1733 1117 1811 qui,
1141 1750 1219 1812 quo·

122 1845 201 1905 niam
224 1843 317 1926 signis
340 1861 400 1904 non
424 1842 549 1904 credidit
571 1841 765 1920 evidentibus,
788 1850 895 1923 postea
916 1840 1084 1923 flagellatus
1107 1844 1217 1922 orabat,

124 1961 157 2017 nt
178 1955 295 2016 veniam
317 1959 493 2016 mereretur.
540 1953 672 2027 Quantus
694 1954 783 2036 igitur
805 1953 968 2017 honestatis
998 1952 1124 2016 affectus
1153 1973 1219 2018 esse

124 2068 248 2145 debeat,
271 2065 369 2129 ethis
392 2065 534 2146 probetur
557 2069 587 2126 et
609 2083 646 2127 eo
670 2066 819 2144 inanimes
835 2064 914 2147 quod
936 2084 971 2128 sa
994 2066 1144 2130 obiciebat
1165 2084 1218 2148 pro

124 2180 255 2261 populo,
278 2177 380 2240 dicens
404 2183 436 2238 ut
458 2177 623 2239 remitteret
644 2178 757 2258 populo
781 2176 872 2257 deus,
902 2184 953 2240 aut
976 2184 1058 2241 certe
1083 2178 1125 2242 de
1144 2181 1219 2244 libro

123 2292 286 2355 viventium
309 2309 343 2352 se
367 2289 490 2352 deleret.
507 2285 538 2371 ³)

521 2487 691 2554 CAPUT
726 2487 819 2552 XVI.

123 2637 213 2690 Paucis
240 2636 272 2688 dc
296 2634 376 2688 'lobia
404 2637 503 2688 iniectis
528 2634 668 2703 Ragnelem
696 2634 829 2686 honestate
854 2634 1009 2703 philosophis
1036 2635 1217 2688 antecelluisse

604 2724 736 2774 evincitur.

210 2853 261 2921 96.
307 2856 415 2918 Tobios
432 2852 464 2938 4)
489 2873 608 2937 quoque
631 2854 754 2917 formam
780 2855 929 2936 expressit
956 2853 1123 2918 honestatis
1150 2854 1216 2917 evi-

124 2971 258 3047 dentius,
290 2988 357 3032 cum
384 2971 488 3032 relicto
518 2972 657 3033 convivio
688 2977 821 3033 mortuos
851 2970 993 3052 sepeliret
1019 2976 1051 3031 et
1072 2967 1112 3031 ad
1134 2971 1216 3033 cibos

122 3082 262 3166 pauperis
291 3099 413 3143 mensae
443 3082 580 3144 invitaret
608 3083 723 3165 inopes.
767 3081 882 3165 Raguel
899 3078 931 3165 5)
954 3083 1135 3163 praecipue,
1167 3083 1215 3163 qui

124 3195 373 3278 contemplatione
394 3195 574 3275 honestatis,
606 3215 671 3258 cum
693 3204 870 3278 rogaretur,
899 3203 930 3259 ut
958 3197 1046 3259 filiam
1075 3198 1214 3260 suarniu

124 3312 295 3394 coniugium
317 3309 417 3391 daret,
448 3311 518 3373 vitia
541 3328 661 3391 quoque
683 3311 760 3373 [iliae
783 3329 843 3374 non
866 3311 996 3390 tacebat,
1022 3328 1061 3373 ne
1085 3311 1214 3373 circnm-

122 3425 229 3488 venire
250 3425 407 3506 petitorem
429 3422 581 3486 videretur
603 3421 738 3485 tacendo.
783 3423 883 3503 ltaque
905 3440 971 3484 eum
994 3422 1114 3501 Tobios,
1139 3422 1214 3485 iilius

124 3538 225 3615 Tobis,
247 3544 389 3618 posceret
410 3542 441 3599 ut
462 3537 519 3597 sibi
542 3534 661 3598 daretur
682 3534 788 3616 puella,
810 3531 980 3616 respondit,
1003 3535 1073 3617 lege
1095 3536 1215 3617 qudem

122 3651 180 3733 ipsi
208 3669 274 3714 eam
304 3648 407 3713 deberi
435 3655 581 3730 tamquam
609 3648 795 3732 propinquo,
829 3647 884 3711 sed
913 3647 1033 3710 dedisse
1062 3667 1130 3712 eam
1158 3651 1214 3713 iam

124 3783 180 3828 sex
202 3764 274 3826 viris
297 3770 328 3825 et
349 3782 452 3827 omnes
475 3780 529 3827 eos
552 3779 622 3826 esse
643 3768 784 3826 mortuos.
829 3761 924 3825 Iustus
947 3762 1047 3843 itaque
1074 3765 1123 3826 vir
1149 3762 1214 3844 plus

123 3935 325 3946 -ι--ιι-

193 4034 221 4098 1)
240 4031 371 4099 loanu.3,
391 4032 432 4085 14.
469 4033 497 4098 2)
515 4032 597 4086 Exod.
615 4034 640 4098 4,
659 4028 735 4086 6-7.
773 4032 800 4099 3)
818 4031 989 4099 [uincent.
1025 4033 1055 4098 Ι)
1074 4030 1137 4084 lob.
1150 4030 1176 4097 2,
1189 4031 1211 4083 2.

124 4120 153 4189 5)
171 4120 234 4174 lbid.
254 4137 309 4188 cap.
328 4120 353 4172 7.
