2692 4666
123 333 186 399 ¹62
569 327 595 381 s.
614 326 769 382 unraosn

121 492 246 574 imperia
276 490 351 555 dura
372 489 456 553 ierne
481 507 543 553 nou
571 496 707 572 possunt
751 489 824 554 Levi
853 488 1105 556 adsentatiuncula
1134 490 1222 555 tacite

121 605 296 688 capiuntur3
328 604 354 667 si
375 602 588 686 perstrinxeris
611 603 706 667 verbo
729 604 958 684 immurmurant,
987 602 1144 684 deserunt,
1170 606 1221 669 in-

121 717 191 783 testi
212 716 339 794 abeunt,
372 716 561 798 indignantes
582 715 773 796 relinquunt3
804 718 951 797 imperare
973 717 1102 798 mdunt,
1133 737 1222 798 quam

122 829 262 909 obedire,
286 829 372 911 quasi
394 828 544 892 obnoxios
566 829 732 908 beneficio,
759 829 911 892 subiectos
934 828 992 892 sibi
1014 830 1127 892 debere
1150 848 1223 894 esse

123 945 308 1023 existimant,
331 959 407 1024 quos
429 943 617 1023 praepositos
640 941 697 1005 sibi
717 941 832 1035 'habere
855 942 990 1006 debeant

211 1053 283 1120 118.
327 1056 401 1130 Quis
431 1057 522 1140 igitur
545 1057 602 1120 sibi
631 1056 736 1119 fideles
767 1060 867 1138 putet,
902 1073 979 1136 quos
1011 1055 1059 1117 vel
1092 1054 1222 1136 pecnnia

121 1171 173 1236 vel
197 1169 366 1234 adulatione
394 1171 452 1234 sibi
482 1170 661 1252 obligandos
693 1168 875 1232 crediderit?
919 1168 994 1231 Nam
1016 1174 1048 1231 et
1069 1167 1137 1247 ille,
1172 1169 1223 1250 qui

121 1284 277 1368 pecuniam
299 1283 465 1365 acceperit,
486 1282 575 1345 vitem
596 1300 630 1344 se
652 1288 683 1346 et
705 1281 877 1363 despectum
900 1280 1025 1358 iudicat,
1049 1280 1107 1343 nisi
1128 1298 1223 1363 saepe

121 1398 290 1463 redimatur.
334 1396 436 1476 ltaque
458 1395 633 1476 frequenter
656 1400 812 1477 exspectat
832 1395 958 1476 pretium
980 1412 1085 1472 suum,
1108 1400 1140 1457 et
1161 1394 1222 1472 ille,

123 1509 174 1593 qui
197 1509 407 1574 obsecratione
429 1510 554 1573 ambitus
576 1507 713 1589 videtur,
735 1508 799 1573 vrilt
820 1525 939 1590 semper
959 1506 1075 1590 rogari·

501 1733 672 1800 CAPUT
707 1733 834 1800 XXIV.

122 1905 201 1958 Bonis
224 1905 318 1959 artibus
347 1906 380 1958 ad
410 1906 520 1959 honores
544 1907 693 1973 nitendum,
722 1909 828 1959 maxime
857 1906 1063 1972 ecelesiasticoo;
1100 1910 1222 1979 adeptum

122 2010 186 2048 varo
210 2009 301 2045 munus
323 1994 454 2047 moderate
472 2011 503 2046 ae
520 1996 651 2063 sapienter
675 1994 906 2047 administrandum.
943 1994 998 2046 ltee
1020 1995 1156 2048 inferiores
1176 2011 1221 2047 or-

123 2082 195 2136 diner
214 2082 335 2135 simulatis
359 2082 494 2135 virtutibus
522 2085 645 2152 episcopo
673 2082 818 2150 derogare,
845 2099 895 2136 nec
912 2085 973 2134 item
991 2084 1142 2151 episcopum
1161 2083 1222 2136 cleri

123 2170 236 2223 invidum
254 2184 312 2220 cose
330 2168 436 2233 debere,
454 2168 501 2220 sed
520 2169 612 2219 iustum
626 2169 652 2219 in
664 2167 780 2219 omnibus
798 2176 875 2236 atque
893 2169 1027 2236 conprimis
1039 2170 1065 2220 in
1077 2170 1222 2222 iudicando.

213 2305 285 2374 119.
328 2310 412 2392 Ergo
434 2310 521 2372 bonis
544 2309 657 2372 actibus
680 2311 852 2373 etsinoero
882 2311 1039 2391 proposito
1068 2308 1222 2373 nitendum

124 2424 163 2488 ad
184 2425 331 2490 honorem
353 2425 481 2487 arbitror
505 2429 535 2486 et
556 2423 683 2485 maxime
706 2423 959 2503 ecclesiasticum,
990 2429 1023 2485 ut
1043 2440 1145 2504 neque
1166 2442 1221 2486 re-

122 2537 229 2620 supina
259 2538 431 2621 arrogantia
460 2537 510 2600 vel
539 2536 665 2599 remissa
695 2536 888 2620 neglegentia
910 2537 963 2615 sit,
997 2554 1097 2616 neque
1127 2537 1222 2618 turpis

123 2649 300 2730 adfectatio,
326 2667 426 2732 neque
447 2649 590 2712 indecora
613 2647 742 2711 ambitio.
790 2646 837 2710 nd
860 2649 958 2713 omnia
981 2649 1111 2714 abundat
1133 2649 1223 2712 animi

123 2762 237 2827 directa
259 2763 429 2844 simplicitas
452 2762 584 2841 satisque
606 2779 641 2824 se
663 2761 728 2843 ipsa
751 2763 946 2825 commendat.

212 2873 282 2940 120.
326 2877 358 2939 ln
374 2877 440 2958 ipso
454 2893 529 2939 vcro
544 2894 669 2939 munere
684 2893 785 2956 neque
808 2877 1002 2939 severitatem
1026 2893 1096 2939 esse
1118 2875 1223 2940 duram

123 2989 274 3068 convenit,
296 3007 355 3051 nec
377 2989 496 3052 nimiam
517 2988 733 3069 remissionem,
756 3006 796 3051 ne
812 2995 861 3052 aut
875 2995 1052 3072 potestatem
1075 3007 1223 3053 exercerc

123 3108 175 3166 aut
196 3109 366 3185 susceptum
389 3102 519 3166 officium
542 3121 730 3184 nequaquam
751 3103 867 3184 inplere
888 3101 1050 3166 videamur.

213 3211 283 3281 121.
328 3215 505 3281 Enitendum
528 3237 664 3300 quoque,
694 3226 725 3281 ut
746 3217 898 3281 benefieiis
921 3224 1008 3300 atque
1031 3216 1138 3281 officiis
1161 3217 1222 3280 ob-

122 3331 249 3415 ligemus
282 3330 423 3412 plurimos
453 3338 484 3395 et
512 3332 657 3397 conlatam
688 3322 888 3396 reservemus
909 3332 1050 3416 gratiam,
1076 3320 1124 3393 'ne
1155 3330 1223 3393 iure

122 3443 259 3507 beneficii
281 3443 352 3507 fiant
366 3443 555 3524 inmemores,
578 3444 628 3524 qui
644 3459 678 3505 se
693 3444 825 3526 graviter
847 3432 946 3505 tae'sos
969 3440 1078 3503 dotent.
1123 3439 1223 3522 Saepe

123 3557 202 3621 enim
223 3575 281 3619 usu
302 3559 399 3638 venit,
432 3563 465 3619 ut
494 3576 570 3639 quos
600 3557 696 3641 gratia
726 3555 838 3619 foveris
861 3557 912 3619 vel
933 3554 1030 3636 aliquo
1063 3554 1224 3636 superiore

123 3671 322 3736 cumulaveris
353 3671 465 3755 gradu,
497 3677 635 3750 avertas,
667 3669 694 3732 si
722 3670 845 3753 indigne
871 3670 998 3752 aliquem
1021 3668 1065 3731 eis
1086 3685 1223 3751 praepo-

123 3784 252 3848 nendum
283 3783 406 3846 iudices.
454 3783 512 3849 Sed
536 3792 566 3847 et
588 3784 775 3847 sacerdotem
805 3782 960 3847 beneficiis
981 3782 1043 3845 suis
1066 3781 1116 3845 vel
1140 3779 1223 3844 iudi-

124 3897 177 3960 ciis
199 3897 304 3962 favere
333 3895 488 3977 convenit,
521 3903 553 3960 ut
582 3897 761 3977 aequitatem
794 3895 957 3977 custodiat,
990 3900 1020 3958 et
1040 3895 1223 3980 presbytero

123 4008 173 4072 vel
193 4011 327 4074 ministro
352 4007 490 4087 deferre,
512 4015 544 4072 ut
565 4009 689 4090 parenti.

213 4119 283 4185 122.
327 4123 433 4204 Neque
456 4121 530 4203 hos,
561 4121 629 4202 quia
657 4123 751 4188 semet
778 4121 896 4204 probati
924 4125 1010 4202 sunt,
1043 4127 1222 4208 arrogantes
