2692 4666
184 335 249 402 334
501 296 506 302 ⁷
604 322 857 383 souoesuouos

183 492 277 560 legitur
294 492 408 561 petitam.
444 488 470 539 4.
490 489 589 558 ispttsas
606 487 639 539 W
656 495 681 541 et
700 486 745 554 Bc,
762 490 829 558 iopts
845 484 890 539 ba.
928 486 952 542 5.
970 489 1107 544 materis
1124 487 1167 540 W.
1198 483 1279 539 Prec-

170 587 235 668 'stat
258 587 342 638 temen
366 576 458 645 vulgat.
481 579 633 630 immolarit.
671 575 728 628 Vid.
752 579 871 645 Wepasr.
891 573 907 626 i.
922 590 949 684 p.
974 592 998 644 p.
1018 576 1078 628 110.
1100 576 1141 628 12.
1186 578 1280 640 6.,νο-

186 703 328 770 sponderat
351 715 389 768 pr.
416 697 464 767 big.
507 697 535 749 ln
559 696 577 749 1.
600 700 641 752 sit
663 689 763 766 ubedg.
800 696 864 749 Dein
888 701 1051 778 premissum
1073 698 1113 751 bia
1141 708 1169 752 ct
1191 717 1216 752 c.
1243 700 1282 752 bic

186 814 262 876 siquo
281 805 322 857 ed.
342 797 575 874 biod'patricidio,
595 803 698 854 inverso
717 802 806 855 ordine
824 819 908 872 prom
924 806 1054 873 parricid·
1074 809 1179 862 sotosrs
1195 805 1282 875 bdcdg,
1317 807 1320 814 '

185 897 284 966 perric.
302 911 386 963 prom.
405 894 473 946 sote.
493 888 541 942 bib.

258 993 283 1056 s.
305 989 366 1054 256,
387 989 410 1039 1.
428 991 465 1042 sit
483 986 604 1053 cmssiiii]
630 985 667 1038 Ita
686 986 725 1037 W.
746 985 802 1038 dise
821 994 847 1038 ct
866 985 951 1052 Bcbc,
970 989 1031 1039 item
1050 988 1107 1040 edd.
1127 986 1182 1042 Coi.
1203 999 1282 1060 atquc

188 1077 271 1142 died,
296 1080 351 1132 siat
369 1076 480 1130 consilii
497 1073 545 1139 bii,
574 1092 647 1129 eoas·
666 1077 703 1128 sit
720 1074 790 1142 vulg.
825 1075 851 1126 2.
870 1079 981 1147 etopitor
998 1076 1044 1140 W,
1069 1081 1182 1146 stipatur
1201 1077 1239 1131 Bc
1258 1088 1283 1131 ct

188 1164 318 1232 exemplar
336 1163 402 1216 died.
438 1161 501 1214 Tum
525 1165 570 1232 qui
594 1179 608 1215 a
632 1177 698 1214 corr.
718 1178 750 1213 m.
769 1165 966 1231 superscriptum
984 1165 1010 1215 io
1028 1165 1068 1216 W.
1113 1167 1138 1217 4.
1156 1169 1218 1236 ipss
1237 1164 1282 1218 Be.

188 1251 255 1305 Dein
280 1251 348 1303 idem
371 1250 436 1302 iiber
459 1254 598 1322 pravitate.
642 1250 667 1302 5.
686 1255 757 1306 docet
774 1249 828 1304 tib.
866 1252 891 1302 7.
911 1254 945 1306 ast
963 1255 1202 1323 concupiscendam
1227 1272 1283 1309 saar

188 1340 229 1394 W.
246 1338 316 1393 saec
334 1338 450 1407 scithe,
468 1342 511 1449 lod
534 1341 774 1410 concupiscendum
792 1347 872 1395 attam
889 1357 946 1395 sam
964 1339 1006 1391 111.
1042 1338 1070 1392 ln
1088 1339 1106 1392 1.
1127 1344 1284 1396 contusione

188 1463 230 1516 W.
248 1462 285 1516 lic
304 1471 330 1516 et
347 1461 404 1529 bid,
433 1465 590 1547 copiosiores
602 1463 659 1529 '(ax
679 1469 765 1514 mutat.
784 1478 805 1514 s.
824 1462 871 1530 m.)
890 1462 943 1528 bis,
971 1466 1066 1518 cotiae.
1085 1464 1162 1516 codd.
1181 1464 1240 1516 scit.
1259 1472 1284 1516 et

188 1568 257 1639 vulg.
280 1567 346 1620 libri.
387 1549 596 1638 bibxaspsctus
621 1567 695 1618 codd.
722 1575 748 1619 et
772 1567 828 1619 edd.
854 1583 942 1620 omnes
966 1555 1079 1636 exceptis
1101 1568 1179 1621 usur.
1207 1577 1284 1638 atque

190 1655 272 1722 uilo,
298 1657 323 1707 in
348 1654 439 1724 quibus
462 1654 555 1724 legitur
578 1658 729 1726 adspectus.
766 1653 839 1709 Cous.
865 1655 897 1707 ad
921 1655 1017 1708 Paulin.
1044 1658 1068 1722 §.
1087 1656 1135 1723 27,
1155 1657 1179 1707 5.
1218 1654 1282 1708 Dein

119 1813 124 1822 Ι
191 1744 356 1799 conmittitur
372 1743 405 1794 W
425 1750 451 1794 et
469 1741 513 1795 Bc.

261 1835 285 1899 §.
305 1832 366 1897 257,
384 1831 408 1883 3.
433 1835 530 1885 diceret
554 1834 582 1885 in
607 1832 903 1898 dissuasissemus,
929 1836 958 1886 io
982 1835 1069 1887 bened.
1088 1834 1159 1885 dieat
1176 1829 1220 1882 111.
1257 1830 1283 1884 ln

191 1914 262 1990 seqq.
283 1924 360 1976 viros
384 1920 473 1986 scripsi
492 1935 547 1970 cum
566 1919 641 1971 codd.
659 1921 751 1972 nostris
771 1918 903 1984 omnibus,
931 1919 1079 1989 quibuscum
1103 1919 1201 1971 iaciunt
1225 1919 1282 1972 sdd.

94 2029 95 2032 ¹
192 2000 315 2062 Marcet
329 2005 393 2057 Gibb.
430 2004 580 2074 Superiores
600 2005 666 2059 cuim
687 2008 744 2059 edd.
763 2006 857 2060 hebent
875 2025 963 2062 ceros.
999 2007 1086 2059 Altera
1104 2016 1188 2059 autem
1208 2007 1283 2059 ieetio

192 2102 323 2164 comparet
341 2094 418 2144 ctiam
436 2109 476 2161 ep.
491 2093 625 2147 Pistorium
643 2096 669 2146 in
687 2110 737 2164 mg.
774 2091 1109 2147 Conf.b1eurinorumnot.
1147 2095 1171 2146 5.
1191 2104 1283 2148 sarecto

191 2200 243 2240 suo
268 2197 315 2250 pro
340 2185 400 2236 ciro
424 2189 516 2235 serso
540 2178 584 2232 Ba.
620 2179 679 2232 Mox
703 2190 894 2250 temptaverunt
918 2186 948 2236 io
974 2185 1183 2252 temptationibus
1210 2181 1282 2232 codd.

191 2285 280 2322 omnes
299 2276 453 2336 veteresque
470 2267 538 2333 cdd,
558 2278 721 2322 tentaverunt
737 2271 767 2321 io
785 2272 973 2324 testationibus
987 2271 1081 2336 primus
1094 2269 1193 2337 scripsit
1204 2268 1283 2321 Eres-

192 2372 255 2409 mus.
293 2356 360 2408 3-2
378 2354 410 2407 ab
431 2357 472 2406 im.
498 2364 522 2410 st
544 2359 645 2425 fretra
668 2373 722 2410 sion
741 2360 864 2427 sepserit
882 2375 950 2412 suos
969 2355 1013 2408 Bc.
1049 2356 1111 2408 Tum
1129 2360 1157 2411 si
1175 2372 1224 2424 pro
1242 2360 1284 2411 bio

190 2445 237 2499 sb.
281 2444 347 2498 Dein
373 2447 504 2500 custodiet
527 2473 561 2482 -
585 2447 733 2499 observabit
759 2444 800 2495 sd.
824 2442 895 2509 Coi,
913 2447 1054 2518 custodiat
1079 2471 1110 2482 ·-
1138 2447 1284 2499 observabit

192 2533 307 2600 Amesb„
326 2537 441 2589 custodit
459 2561 490 2571 -
511 2534 658 2586 observabit
675 2530 750 2584 codd.
770 2530 809 2583 W.
830 2531 941 2584 Menace.
960 2530 998 2583 Bh
1018 2539 1044 2583 et
1061 2547 1076 2583 s
1095 2549 1115 2584 s.
1136 2548 1168 2583 m.
1189 2530 1236 2598 Bc,
1254 2530 1283 2583 ed

192 2638 257 2692 quos
282 2620 408 2673 accedunt
432 2619 489 2671 cdd.
508 2618 574 2671 iisd.
593 2617 690 2670 Essem.
710 2616 779 2670 Cost.
799 2616 908 2683 Piston,
937 2621 1051 2673 custodit
1076 2647 1106 2657 -
1120 2644 1122 2648 ·
1134 2623 1284 2674 observarit

191 2709 269 2763 laus.
288 2717 315 2760 st
332 2708 397 2762 Gilb.
427 2707 572 2781 'verissime
591 2707 665 2759 codd.
684 2705 720 2758 Be
738 2715 764 2758 et
781 2723 796 2758 s
814 2723 847 2759 m.
865 2722 904 2775 pr.
922 2704 958 2757 Βο
976 2710 1120 2762 custodiret
1140 2737 1169 2746 -
1189 2712 1282 2762 obser-

191 2803 280 2866 soriis
295 2814 344 2850 occ
362 2797 446 2848 differt
464 2795 505 2848 ed.
526 2795 615 2860 Rom.;
635 2794 728 2864 tegitur
747 2795 814 2847 enim
834 2811 874 2863 ap.
893 2793 979 2845 LXX:
997 2791 1093 2859 ἐφύλαξε
1110 2791 1141 2843 τά
1159 2791 1228 2863 to'yai
1245 2812 1284 2843 σου

192 2889 234 2938 sei
250 2884 295 2950 τήν
313 2881 430 2948 διαθήκην
448 2901 491 2933 σου
509 2880 635 2959 διετήρησε.

263 2977 288 3040 §.
307 2972 374 3038 258,
393 2971 417 3023 1.
441 2976 500 3026 veri
517 2969 553 3022 Bc
579 2971 755 3040 sditionesque
774 2970 829 3024 Col.
847 2971 912 3024 btcd.
938 2978 963 3022 st
981 2969 1084 3023 Amerb.
1111 2986 1168 3021 cum
1193 2972 1283 3023 ceteris

192 3061 331 3115 bdeurinam
350 3059 567 3112 antecedentibus.
605 3058 677 3112 Coei.
697 3060 730 3112 sd
749 3063 773 3126 ς.
792 3061 854 3126 257,
872 3059 897 3112 3,

297 3165 326 3218 Ρ.
347 3165 404 3217 122.

264 3258 289 3310 4.
308 3258 376 3325 qood
392 3257 483 3310 missus
501 3271 552 3307 om.
572 3253 615 3307 sc.
662 3256 687 3306 5.
708 3258 801 3326 cuique
822 3265 912 3327 optram
935 3258 972 3310 sit
996 3258 1107 3326 tempori
1125 3255 1197 3320 died,
1226 3257 1283 3308 item

195 3344 253 3401 edd.
272 3343 491 3427 Asuero-Eresm.
512 3343 580 3399 Cost.
599 3344 689 3398 Pistor.
708 3345 797 3410 Rom„
825 3348 875 3400 coi
894 3355 983 3416 aptam
1001 3350 1039 3400 sit
1057 3355 1131 3414 temp.
1150 3343 1236 3413 burg,
1251 3361 1283 3398 c
1306 3369 1310 3383 =

375 3433 388 3469 e

194 3498 246 3560 apt.
265 3497 340 3556 temp.
359 3489 396 3540 sit
413 3485 463 3539 bie.
498 3485 560 3539 Tum
579 3496 705 3557 sepiamur
723 3445 799 3537 codd.
818 3484 858 3536 W.
879 3483 948 3538 bisef
967 3492 993 3537 st
1012 3501 1050 3553 pr.
1069 3483 1114 3536 Rc.
1152 3453 1284 3553 conspiret

195 3594 236 3648 ed.
255 3591 310 3644 Coi.
347 3593 372 3644 6.
387 3595 485 3660 ,bosom
503 3581 641 3647 borrests'sm
658 3607 703 3660 pro
722 3594 859 3646 bombos
878 3589 922 3642 oa.
959 3591 983 3642 7.
1002 3599 1075 3660 potat
1093 3587 1132 3641 W.
1146 3589 1210 3642 btse.
1223 3589 1284 3654 Boc,

105 3745 110 3768 ι
193 3724 274 3788 poseat
293 3712 341 3776 111,
369 3723 463 3782 ponent
481 3712 570 3791 biimg,
596 3674 710 3799 ppoabnt
733 3714 763 3784 (a
783 3711 815 3764 sb
834 3712 865 3765 si.
884 3729 917 3765 m.
936 3709 1074 3779 superscs.)
1092 3711 1141 3764 Md.
1178 3710 1241 3764 Tum
1259 3716 1285 3767 io

195 3819 255 3888 (pro
274 3823 302 3874 tsi
320 3834 365 3888 per
382 3819 445 3884 ses.)
465 3819 598 3885 iurabis,
625 3823 654 3874 irs
676 3822 736 3876 iuro
759 3821 859 3889 irrepsit
882 3818 958 3871 etiem
981 3819 1008 3870 in
1028 3815 1143 3883 bibcdess
1171 3820 1286 3873 isiacis

195 3908 285 3960 scribit
303 3906 352 3977 ttg.

265 4003 365 4069 §.259‚
378 4001 402 4055 1.
420 4001 501 4055 Deest
518 4020 580 4072 erpo
598 4002 624 4054 in
637 4001 676 4055 W.
709 4000 771 4053 Tum
789 4004 928 4072 manifeste
940 3999 991 4052 dac
1010 4009 1036 4053 et
1053 4000 1096 4053 ed.
1110 3998 1175 4066 Coi,
1193 4004 1283 4056 sesai-

195 4091 280 4160 fsstes
297 4090 426 4159 exemplar
444 4090 510 4145 diod.
547 4089 595 4143 Pro
613 4094 655 4146 dei
673 4088 708 4141 Ba
724 4093 826 4144 domini
848 4105 895 4158 pes
917 4089 1106 4158 compendium.
1146 4088 1210 4142 Dein
1229 4099 1285 4142 snts

196 4184 333 4240 messam
351 4180 376 4231 io
397 4177 436 4232 bia
452 4195 472 4232 r.
493 4197 524 4233 as
543 4179 722 4247 superscripsit
739 4188 777 4245 st,
805 4178 873 4247 quod
897 4180 925 4233 io
947 4178 1040 4230 ceteris
1059 4176 1173 4233 domes.
1192 4186 1285 4231 textum
