2692 4666
132 343 198 409 420
552 337 806 394 uonoriuoues
839 374 846 381 .
908 397 916 407 N

133 502 249 554 amicitia
272 508 311 553 ert
333 497 421 551 scribit
438 497 482 551 30.
520 497 597 550 Deest
621 501 689 551 enim
714 500 739 550 iu
763 497 835 550 libris
854 496 967 549 bonaco.
1006 496 1053 550 Pro
1080 500 1171 559 felioc
1188 496 1229 550 Bb*
1268 522 1271 527 ’

133 588 211 640 babet
226 590 306 658 fetae.
349 590 372 640 5.
392 588 505 640 Alterum
523 584 691 642 00000111.
728 585 789 639 'ium
808 590 931 658 quicquid
947 584 1020 639 codd.
1041 593 1068 638 et
1086 584 1145 636 edd.
1168 592 1225 638 ante

133 675 271 728 Romanam
289 691 385 726 omnes.
423 676 447 727 6.
464 679 643 745 pauper-iim
662 679 743 729 buirrr
761 676 822 742 (sic)
842 673 886 743 Be.

203 765 228 829 5.
250 762 316 826 136.
340 762 414 814 1-2.
441 780 505 832 quae
532 765 632 831 orrpetie
657 772 682 815 et
706 766 856 816 bominibur
881 766 1028 816 eommunia
1055 770 1096 816 eet
1120 763 1225 813 inverso

133 849 268 902 verborum
287 849 376 901 ordine
395 851 511 902 scribitur
529 851 553 900 in
573 848 676 918 ubcdg,
695 869 759 919 quae
778 853 861 920 copel.
882 868 1010 904 0000000.
1029 859 1054 902 et
1072 859 1096 903 et
1112 853 1183 904 born.
1201 851 1226 901 iu

133 937 177 991 lia.
213 938 237 987 2.
259 940 329 991 Urtde
349 940 471 992 domiuus
489 937 564 989 codd.
584 952 641 988 cum
661 936 700 988 ad.
720 936 786 988 iied.
806 951 893 988 ornnes
912 939 968 988 sine
984 939 1073 1004 partic.
1094 946 1134 1000 et,
1162 951 1227 1004 quae

133 1025 301 1091 interponitur
326 1028 350 1074 in
376 1026 467 1076 ceteris
487 1024 545 1075 edd.
593 1024 616 1075 3.
635 1041 755 1077 memorre
774 1022 809 1075 30
829 1033 854 1076 et
873 1025 1000 1091 exemplar
1018 1023 1084 1075 iied.
1130 1024 1156 1073 4.
1176 1043 1227 1078 roe

134 1127 183 1162 om.
205 1111 261 1162 libri
281 1111 387 1163 bionacc
414 1113 525 1179 itemque
544 1112 584 1162 ed.
603 1109 657 1163 001.
695 1111 751 1163 1100
770 1111 844 1163 maia.
880 1111 941 1163 Tum
965 1115 1023 1183 ipae
1045 1098 1080 1165 10·
1097 1097 1131 1164 d]
1150 1111 1228 1163 babet

134 1197 187 1263 ba,
207 1198 244 1248 bia
265 1200 290 1249 in
310 1205 429 1251 contextu
448 1198 551 1266 quidaru
569 1201 628 1267 ipre
645 1215 695 1251 reor
714 1202 795 1264 0000,
814 1201 839 1250 10
859 1215 909 1267 mg.
928 1207 1011 1251 autern
1030 1217 1080 1254 eoa
1098 1215 1147 1266 pro
1168 1219 1226 1254 nor.

133 1287 191 1339 bion
207 1270 278 1354 fecit'
289 1286 335 1338 31.
380 1289 404 1338 5.
423 1290 480 1340 iam
498 1301 547 1337 om.
566 1284 610 1337 Bt.
650 1285 674 1337 9.
693 1304 742 1340 nor
758 1290 802 1340 itti
817 1286 850 1339 ti.
869 1286 924 1338 ord.
943 1284 1064 1337 exhibent
1082 1286 1153 1352 aab,
1179 1303 1229 1340 uec

54 1430 57 1434 ,
132 1375 207 1427 aiiter
225 1391 262 1442 pr.
282 1374 415 1442 legebatur
433 1375 458 1424 in
477 1372 533 1436 bib,
550 1390 601 1427 reor
620 1373 694 1425 deest
712 1375 738 1425 in
757 1373 796 1425 ed.
817 1371 872 1426 001.

203 1468 227 1531 §.
243 1464 301 1526 137,
319 1462 341 1515 t.
359 1465 422 1532 [erit
440 1461 479 1510 W.
516 1459 582 1513 Dein
600 1464 725 1515 rraodutr‘r
737 1460 777 1514 W.
797 1460 910 1513 bonaco.
931 1469 958 1513 et
975 1460 1029 1514 Bbc
1047 1462 1237 1532 editionesqua·

121 1559 192 1605 rante
211 1549 290 1603 biaut.
325 1548 440 1602 Proxima
457 1558 482 1603 et
499 1551 522 1600 in
542 1548 579 1600 iia
598 1549 630 1600 ab
649 1565 669 1600 r.
683 1567 716 1601 rn.
734 1550 941 1618 superscriptum,
961 1551 987 1603 in
1005 1553 1099 1602 ceteris
1112 1550 1228 1603 dionaeo.

133 1640 159 1691 io
180 1638 293 1690 ordinem
319 1646 465 1705 receptum,
492 1641 517 1688 io
537 1636 576 1688 W.
595 1635 664 1688 liabc
689 1647 716 1689 et
739 1637 798 1690 add.
818 1636 872 1690 001.
891 1654 922 1690 ac
940 1637 1006 1691 bied.
1032 1640 1156 1690 omissum
1181 1647 1228 1691 est

22 1780 26 1787 ,
133 1725 230 1778 idcirco
255 1727 374 1795 equidem
398 1726 569 1800 expuereum.
606 1725 679 1789 Quod
704 1728 819 1794 sequitur
842 1729 891 1780 toe
908 1741 959 1777 sec.
981 1741 1012 1776 m.
1032 1741 1108 1793 supra
1130 1725 1230 1778 addidit

133 1814 158 1867 iu
176 1812 221 1866 Bb.
259 1814 284 1865 2.
303 1816 449 1868 unianimie
470 1813 508 1864 bia
528 1821 555 1865 et
573 1812 616 1866 30.
654 1814 678 1864 3.
697 1818 901 1883 necquicquam
920 1811 964 1865 30.

238 1900 265 1954 Ρ.
282 1901 342 1952 223.
1008 1898 1012 1907 ’

206 1992 229 2042 1.
253 1992 281 2044 iri
303 1993 463 2059 proditorem
486 1988 526 2040 ed.
545 1988 610 2040 bied.
636 1996 663 2040 et
686 2005 724 2056 pr.
745 1987 783 2039 bia
807 2004 829 2040 c.
849 1987 892 2041 30.
940 1989 964 2040 2.
982 1992 1171 2060 pretiosiorum
1188 1988 1229 2040 W.

135 2078 324 2146 recooperta
343 2076 504 2144 conspirante
521 2076 635 2128 editione
654 2074 708 2130 001.
746 2075 809 2127 Dein
828 2094 879 2146 quo
897 2075 971 2128 codd.
991 2085 1018 2128 et
1036 2077 1094 2130 edd.
1116 2077 1229 2129 bientiae

134 2169 299 2236 antiquiores,
319 2166 344 2216 iu
363 2181 411 2233 qua
431 2168 564 2234 estquod.
601 2168 806 2233 contempneret
825 2164 946 2216 exhibent
964 2161 1050 2232 bibdig
1068 2180 1090 2217 0,
1110 2164 1152 2214 ed.
1172 2162 1227 2215 001.

134 2254 159 2307 3.
177 2258 237 2308 eice
251 2252 290 2303 W.
328 2252 351 2304 5.
369 2255 517 2308 retortorio
529 2252 560 2303 W
577 2261 603 2305 et
615 2252 664 2318 ida,
682 2256 826 2307 ooooimm
845 2252 886 2305 ad.
900 2252 978 2317 bled,
996 2254 1134 2307 unorrimia
1151 2269 1228 2306 meur

134 2353 158 2398 et
181 2346 238 2397 due
261 2357 335 2394 maur
360 2338 403 2392 30.
440 2339 521 2392 Reiat.
546 2344 591 2410 qui
614 2355 655 2391 om
689 2339 733 2391 30.
776 2339 800 2390 6.
825 2343 962 2394 sustinere
980 2337 1028 2408 big.
1065 2339 1133 2391 Ante
1158 2341 1229 2392 iilud

133 2430 194 2499 (pro
212 2428 299 2491 istud)
319 2429 344 2479 iu
363 2427 456 2479 eodem
476 2427 587 2479 deletum
605 2436 644 2479 eet
661 2445 727 2482 euro.
771 2429 797 2479 7.
814 2430 977 2492 urtiooimis,
997 2435 1132 2494 utsupra,
1152 2426 1183 2477 W
1203 2434 1229 2478 ct

132 2533 171 2585 pr.
187 2515 236 2580 bio,
254 2519 399 2570 esurimus
418 2513 458 2565 ed.
478 2513 545 2565 Mad.
581 2513 644 2565 Turn
664 2517 787 2584 adpetisti
805 2513 844 2566 W.
866 2514 904 2566 bia
923 2521 951 2567 et
967 2515 1004 2566 30
1021 2530 1068 2583 pro
1085 2515 1156 2584 vulg.
1176 2535 1227 2585 ap-

132 2606 230 2674 petisti.
267 2601 323 2652 Vid.
347 2604 468 2672 Woprrer.
488 2600 503 2653 Ι.
520 2618 541 2652 0.
560 2618 583 2669 p.
596 2601 648 2652 407
666 2610 691 2652 et
709 2618 746 2670 sq.
784 2601 840 2654 bion
859 2605 921 2673 quid
938 2606 985 2656 tibi
999 2601 1037 2654 W.
1073 2600 1144 2654 ldem
1163 2600 1228 2654 iiber

134 2700 160 2743 et
178 2707 215 2760 pr.
235 2690 273 2742 bia
293 2693 467 2757 donreerarst,
494 2687 529 2741 ua
550 2692 700 2754 donaverit,
727 2688 782 2741 Med
801 2692 915 2744 donarit.
952 2690 993 2741 10.
1013 2693 1083 2744 reiis
1102 2689 1148 2741 31.
1186 2690 1227 2741 12

133 2782 332 2834 commissimus
350 2776 412 2843 (sic)
431 2774 478 2840 W,
505 2779 679 2830 ooorririmee
697 2775 745 2844 big.
784 2777 825 2829 13.
844 2780 908 2830 dicit
926 2776 966 2827 ed.
986 2775 1041 2829 001.
1077 2775 1144 2828 Deio
1166 2793 1228 2830 aera

133 2884 183 2921 om.
199 2866 299 2934 bibcdq.
336 2865 360 2917 2.
380 2864 412 2916 ab
432 2866 473 2916 iro.
492 2867 638 2919 urtiroimir
657 2863 688 2914 W
707 2863 800 2916 etita.
838 2862 898 2915 Tum
917 2868 1134 2932 100000οο100
1151 2880 1228 2918 merra

133 2954 176 3012 cd.
189 2951 259 3018 001.;
278 2971 330 3008 oon
347 2970 423 3007 meur
439 2956 568 3020 proditor,
585 2955 633 3006 red
650 2956 727 3006 011000
745 2962 808 3006 tuus
826 2953 906 3019 primo
919 2950 969 3003 bib.
1000 2951 1084 3003 10110.
1102 2955 1165 3020 quio
1180 2965 1228 3020 pro

34 3090 36 3094 .
133 3043 178 3111 qui
189 3038 227 3093 Bb
247 3047 273 3091 et
290 3041 444 3094 rrsmtimum
457 3037 497 3089 W.
511 3037 629 3106 ilacdeig
644 3046 670 3089 et
682 3036 746 3104 310,
765 3039 825 3090 item
838 3037 895 3089 edd.
909 3046 967 3090 aute
981 3037 1117 3090 idauriuarn
1130 3053 1227 3090 omues.

203 3130 227 3194 §.
247 3127 311 3192 138,
335 3131 354 3180 1.
380 3145 441 3181 oum
461 3130 521 3198 ipre
539 3127 583 3180 Ba.
630 3127 655 3179 2.
678 3125 726 3179 Pro
746 3129 833 3197 quiin
853 3127 890 3178 bia
908 3143 928 3179 r.
947 3143 979 3178 rn.
997 3126 1098 3193 scripsit
1116 3129 1186 3196 quod
1203 3130 1229 3177 et

133 3226 192 3286 post
209 3220 251 3271 iob
269 3214 445 3284 superaddidit
462 3216 496 3285 gt.
516 3218 735 3283 consolationem,
760 3218 868 3284 quaein
887 3216 980 3267 ceteris
999 3215 1113 3266 1100000.
1134 3221 1228 3265 textum

133 3306 242 3369 insedit;
264 3308 326 3374 quio
345 3318 391 3371 pro
411 3307 455 3374 qui
472 3302 549 3355 babet
567 3302 613 3354 31.
651 3303 675 3355 3.
693 3305 855 3373 euprepium
872 3318 919 3370 pa,
939 3317 971 3354 ex
990 3309 1075 3353 mutat.
1094 3303 1228 3371 eupropio

133 3391 182 3457 bia,
201 3395 331 3463 eupropio
351 3392 427 3443 etiam
447 3390 499 3443 reli.
513 3389 626 3443 1100000.
640 3399 666 3442 et
679 3389 724 3442 31.
761 3389 788 3442 10
806 3390 848 3441 fin.
868 3391 957 3457 scripsi
975 3393 1058 3459 obfuit
1075 3403 1133 3441 cum
1150 3387 1227 3440 codd.

134 3480 174 3531 W.
189 3479 307 3532 biebcdei
318 3487 344 3532 et
356 3477 401 3544 30,
415 3478 562 3548 quibuscum
576 3479 732 3531 concordant
744 3479 802 3531 edd.
816 3477 872 3531 001.
886 3479 989 3530 Amerb.
1004 3485 1157 3546 ceteraeque
1169 3485 1228 3530 ante

133 3566 221 3632 11000,
240 3570 317 3639 offuit
329 3565 449 3620 exhibent
460 3564 498 3617 Bb
512 3574 536 3618 et
549 3565 591 3636 big
602 3582 650 3618 una
664 3583 721 3618 cum
735 3566 776 3618 ed.
789 3565 862 3630 died,
881 3569 1000 3634 oblineret
1012 3564 1054 3616 30.
1068 3565 1146 3618 biaur.
1162 3563 1226 3617 Giib.

203 3657 228 3720 §.
248 3655 308 3720 139,
327 3655 352 3705 3.
374 3657 482 3709 multem
499 3657 601 3724 copiam
619 3651 670 3718 Be,
698 3657 799 3722 copioot
816 3655 959 3706 multorum
977 3656 1158 3721 coemptorem
1178 3652 1227 3722 ttg.

134 3744 198 3798 Dein
216 3748 334 3815 adferent
346 3743 386 3794 W.
401 3743 438 3794 bie
459 3751 485 3794 et
504 3741 548 3807 30,
567 3745 677 3810 op'ereut
692 3740 729 3793 lib
750 3751 775 3792 et
793 3741 914 3810 bibcdeiq
931 3742 1094 3807 conspirante
1114 3740 1228 3793 editione

134 3829 214 3896 uod„
234 3834 347 3901 offerunt
365 3831 423 3883 edd.
443 3830 498 3882 001.
519 3828 622 3880 100001.
643 3837 669 3880 et
687 3831 851 3896 posteriores.
889 3828 984 3896 Scripsi
1002 3829 1077 3896 igitur
1095 3829 1229 3894 adferunt.

134 3923 254 3990 offerunt
272 3918 349 3972 bebet
368 3918 411 3972 Bu.
448 3919 472 3968 5.
492 3921 616 3970 ioctouro
635 3917 675 3967 W.
711 3914 857 3968 Tauridem
876 3916 941 3968 iiber
959 3931 981 3968 c.
1001 3914 1114 3967 bionacc.
1131 3923 1163 3966 et
1182 3913 1229 3978 31,

133 4018 179 4072 ut,
202 4011 245 4077 ri,
274 4006 310 4058 30
328 4018 356 4062 ut
374 4017 398 4061 et
416 4009 443 4060 ei
465 4006 577 4073 itemque
597 4013 699 4063 vetares
718 4003 777 4056 edd.
815 4003 880 4057 Deio
898 4021 1035 4059 00000000
1052 4006 1092 4056 ott
1110 4006 1230 4071 deferant

135 4091 187 4160 31,
214 4096 447 4162 commutatust
467 4111 482 4145 a
500 4109 564 4146 corr.
586 4109 618 4144 ru.
636 4091 821 4161 superscripto)
841 4089 884 4144 30.
922 4091 949 4144 10
967 4091 1008 4143 tiu.
1029 4095 1170 4159 conferant
1189 4089 1229 4142 W.

579 4213 784 4227 m
