2692 4666
274 318 276 323 ’
371 336 416 389 ou
435 334 572 391 onmcus
590 336 811 390 nmrsrncnnn
831 336 927 391 urana
943 338 974 391 n.
1155 340 1212 405 171

215 493 286 560 145.
328 494 466 576 Denique
487 495 546 558 boc
567 496 635 559 solo
656 494 811 558 viduarum
833 499 963 577 nomine,
986 498 1062 562 siout
1082 498 1112 561 in
1134 499 1216 562 libris

124 610 370 674 Maccahaeorum
391 604 418 693 Ι)
441 608 578 690 legimus,
604 608 839 672 commendatum
863 610 973 692 templo
996 629 1084 675 omne
1108 628 1216 675 serva.-

124 732 187 787 tuur
210 730 265 787 cst.
309 721 382 784 Nam
405 741 472 785 cum
493 721 632 785 indicium
655 723 763 786 laetum
793 730 875 786 esset
901 727 1111 806 pecuniarum,
1142 745 1216 808 quas

123 838 154 900 in
178 836 289 918 templo
305 835 519 918 Hierosolymis
541 837 682 899 maximas
704 837 832 918 reperiri
853 856 945 919 possa
960 839 1061 905 Simon
1084 839 1216 903 nefarius

123 948 275 1013 Antiocho
297 949 364 1031 regi
387 949 525 1030 prodidit,
549 949 657 1013 missus
680 951 710 1012 in
730 969 794 1012 rem
814 949 995 1014 Heliodorus
1017 951 1055 1015 ad
1077 953 1217 1034 templum

125 1063 208 1124 venit
235 1067 267 1123 et
288 1079 402 1124 summo
426 1061 575 1125 sacerdoti
597 1063 713 1142 aperuit
735 1062 835 1126 iudicii
857 1063 997 1127 invidiam
1020 1072 1050 1128 et
1072 1065 1216 1129 adventus

123 1175 173 1238 sui
194 1191 324 1236 causam.

214 1284 286 1351 146.
323 1286 406 1349 Tunc
428 1286 571 1351 sacerdos
587 1285 723 1370 deposita
739 1306 808 1352 esse
823 1287 896 1352 dixit
910 1289 1063 1353 viduarum
1079 1291 1216 1354 victualia

123 1407 157 1462 et
184 1401 371 1482 pupillorum.
417 1403 502 1476 Quae
532 1419 599 1464 cum
619 1400 800 1464 Heliodorus
831 1409 964 1485 ereptum
994 1403 1038 1466 ire
1069 1403 1174 1467 veHct'
1188 1411 1218 1467 et

122 1515 218 1596 regiis
240 1514 392 1578 vindicare
414 1514 595 1594 commodis,
626 1515 800 1578 sacerdotes
829 1521 897 1577 ante
919 1516 1011 1580 altare
1034 1511 1218 1581 iactaverunt

124 1645 169 1707 se,
192 1626 287 1691 induti
308 1627 510 1692 sacerdotales
533 1628 636 1708 stolas,
658 1634 689 1691 et
712 1627 798 1692 deum
821 1629 929 1709 vivum,
953 1631 1003 1710 qui
1020 1629 1058 1692 de
1074 1629 1217 1712 depositis

124 1740 225 1823 legem
248 1740 384 1821 dederat,
415 1741 521 1804 tlentcs
547 1742 725 1805 invocabant
751 1742 904 1806 custodem
931 1760 966 1806 se
989 1749 1218 1825 praeceptorum

124 1859 279 1936 praestare
309 1871 439 1917 suorum.
468 1832 597 1918 'Vultus
626 1874 700 1920 aero
735 1861 765 1919 et
798 1857 884 1921 color
916 1858 1020 1919 summi
1053 1833 1218 1922 sacerdotis

124 1969 284 2032 inmutatus
306 1966 475 2032 declarabat
497 1967 632 2033 dolorem
655 1971 744 2032 animi
767 1976 797 2034 et
818 1973 924 2034 mentis
945 1973 1076 2034 intentae
1102 1949 1218 2033 solliciss

124 2080 265 2144 tudinem.
309 2081 432 2146 Flebant
454 2101 568 2163 omnes,
592 2082 671 2164 quod
694 2085 724 2146 in
747 2089 946 2166 contemptum
969 2081 1053 2145 locus
1073 2088 1217 2145 venturus

123 2193 213 2273 foret,
235 2195 263 2257 si
283 2212 340 2258 nec
361 2196 393 2259 in
414 2196 464 2261 dei
486 2197 595 2279 templo
617 2205 678 2260 tuta
700 2197 770 2261 tidei
792 2202 964 2260 servaretur
985 2194 1140 2276 custodia,
1162 2213 1218 2258 ac-

124 2307 301 2389 cinctaeque
336 2310 477 2375 mulieres
518 2317 623 2393 pectus
663 2318 694 2374 et
735 2312 856 2376 clausae
890 2311 1024 2394 virgines
1061 2309 1217 2401 pulsabant

123 2420 256 2483 mnuam:
280 2419 317 2483 ad
339 2441 443 2486 muros
465 2423 514 2485 alii
537 2425 706 2504 currebant,
729 2443 784 2506 per
805 2424 952 2488 fenestras
974 2423 1023 2486 alii
1038 2427 1216 2505 prospecta-

122 2533 211 2613 bant,
244 2551 347 2598 omncs
378 2532 416 2597 ad
448 2534 563 2599 caelum
592 2534 752 2599 tendebant
782 2551 904 2614 manus,
937 2540 1057 2598 orantes
1090 2540 1123 2596 ut
1152 2535 1215 2601 sais

123 2645 261 2711 centnm
283 2647 403 2711 adesset
425 2648 550 2730 legibus.

215 2759 286 2826 tlt.
322 2760 503 2826 Heliodorus
526 2767 624 2824 autem
645 2779 702 2823 nec
723 2759 768 2823 bis
789 2760 921 2838 territus,
944 2755 1022 2839 quod
1039 2754 1215 2865 intpnderat,

122 2872 271 2957 urguebat
299 2881 329 2938 et
358 2875 534 2939 satellitibus
564 2875 626 2938 suis
656 2873 802 2937 aerarium
825 2876 996 2953 saepserat,
1028 2877 1094 2934 cum
1116 2869 1214 2933 subito

121 2985 259 3069 adparuit
279 2986 321 3051 illi
342 2988 481 3051 terribilis
504 3003 598 3067 eques
627 2988 716 3050 armis
746 2985 937 3069 praefulgens
967 2985 1086 3063 aureis3
1119 3000 1214 3065 equus

121 3109 222 3166 autem
250 3103 315 3167 eius
345 3109 409 3166 erat
437 3102 546 3185 insigni
575 3107 698 3166 ornatus
721 3101 884 3183 opertorio.
928 3098 988 3163 Alii
1011 3116 1131 3180 quoque
1154 3096 1213 3159 duo

122 3217 247 3279 iuvenes
281 3215 479 3298 adparucrunt
512 3217 543 3281 in
576 3217 685 3279 virtute
717 3217 833 3294 inolita,
867 3213 978 3278 decore
1008 3219 1114 3298 grato,
1147 3229 1213 3273 cum

121 3328 285 3411 splendore
306 3329 431 3414 gloriae,
453 3331 584 3415 speciosi
605 3330 721 3407 amictu,
745 3329 795 3409 qui
817 3329 1075 3393 circumsteterunt
1096 3342 1164 3389 eum
1184 3328 1214 3386 ct

121 3449 250 3522 utraque
272 3460 311 3505 ex
333 3449 416 3524 parte
439 3442 628 3526 flageHabant
648 3440 825 3522 sacrilegum
840 3440 905 3503 sine
921 3439 980 3501 ulla
994 3424 1213 3501 intermissione

121 3556 294 3622 continuato
326 3558 464 3622 verbere.
518 3557 595 3633 Quid
628 3556 744 3619 multa?
788 3551 989 3617 circumfusus
1023 3550 1149 3633 caligine
1181 3549 1212 3609 in

120 3677 232 3733 terram
262 3669 390 3735 concidit
420 3675 450 3734 et
480 3669 609 3732 evidenti
632 3665 749 3730 divinae
769 3663 950 3749 operationis
971 3662 1080 3726 indicio
1103 3661 1213 3724 exani-

120 3791 217 3846 matus
239 3783 372 3864 iacebat,
405 3801 463 3845 nec
485 3783 544 3846 ulla
565 3801 635 3865 spes
657 3783 687 3846 in
711 3801 749 3847 eo
771 3782 922 3845 residebat
943 3777 1054 3842 salutis.
1097 3776 1212 3840 Oborta
1328 3768 1335 3791 ’

121 3902 168 3959 est
189 3896 300 3961 laetitia
321 3896 537 3978 metuentibus,
563 3905 659 3962 ructus
681 3899 836 3982 superbis,
859 3895 1026 3976 deiectiquc
1048 3910 1088 3958 ex
1110 3889 1211 3956 amicis

193 4137 223 4208 1)
240 4137 266 4193 2.
278 4137 391 4193 baccata
409 4139 436 4206 ³,
456 4140 490 4193 tc
506 4156 560 4209 aeq.
