2692 4666
369 325 415 381 ult
434 325 571 382 otricus
589 324 812 381 mulstttotttttt
829 325 927 383 tlara
944 327 987 382 111.
1162 328 1226 396 217

126 487 269 550 mulieres
290 495 393 570 pastae
417 487 606 566 viderentur,
630 494 738 552 ettam
758 487 869 550 atrocis
892 487 1063 550 calamitatis
1087 489 1225 570 exemplo

127 603 279 683 percitus,
302 600 440 665 Helisaeo
463 600 628 683 propbetae
651 600 836 664 denuntiavit
857 618 980 680 necem,
1007 601 1091 664 cuius
1113 602 1143 663 in
1166 620 1227 683 po-

126 721 234 777 testate
257 715 323 778 lore
346 712 485 778 crederet
514 717 546 773 ut
569 710 755 775 ohsidionem
788 711 938 790 solveret,
967 713 1156 794 propulsaret
1177 712 1227 776 la-

126 847 214 906 mem,
239 829 290 891 vel
311 829 380 909 quia
402 844 463 889 non
485 826 663 907 permiserat
684 826 751 907 regi
773 830 806 887 ut
828 829 998 906 percuteret
1021 823 1125 908 Syros,
1149 843 1226 908 quos

126 943 269 1005 caecitate
293 939 474 1022 perfuderat.

216 1051 287 1117 120.
333 1051 462 1116 Sedebat
484 1051 640 1113 Helisaeus
663 1070 729 1114 cum
752 1050 921 1114 senioribus
945 1051 975 1113 in
996 1052 1100 1115 BetHel
1118 1050 1166 1135 ¹),
1198 1060 1228 1116 et

125 1167 208 1248 prius
238 1185 324 1246 quam
355 1166 491 1228 introiret
524 1163 561 1226 ad
592 1183 659 1226 eum
690 1165 772 1246 regis
802 1165 937 1243 nuntius,
967 1166 1007 1228 ait
1029 1165 1065 1227 ad
1089 1168 1226 1230 seniores

125 1282 225 1342 viros:
260 1279 291 1342 si
313 1278 428 1340 vidistis
457 1278 595 1358 quoniam
618 1277 694 1340 lilius
718 1278 883 1341 homicidae
906 1278 983 1341 illius
1006 1281 1085 1342 misit
1105 1280 1227 1344 auferre

126 1398 214 1473 caput
236 1391 358 1454 meum?
403 1391 439 1452 Et
461 1392 593 1453 introivit
615 1393 735 1453 nuntius
759 1399 789 1453 et
807 1391 974 1454 mandatum
993 1393 1076 1474 regis
1097 1394 1226 1474 pertulit,

127 1504 328 1568 denuntiantis
358 1521 502 1588 praesens
532 1505 635 1586 capitis
664 1505 837 1585 periculum.
883 1504 936 1566 Cui
967 1489 1122 1588 respondit
1148 1526 1226 1588 pro-

125 1617 231 1700 pheta:
248 1614 280 1700 ²)
311 1618 372 1681 Hac
394 1618 469 1681 hora
493 1617 541 1680 die
565 1618 694 1680 crastina
725 1635 862 1680 mensura
895 1618 1067 1702 similaginis
1098 1620 1173 1682 siclo
1198 1626 1227 1683 et

126 1730 204 1792 duae
227 1747 387 1793 mensurae
409 1730 515 1794 hordei
538 1732 613 1795 siclo
629 1733 658 1793 in
674 1737 761 1813 porta
778 1730 935 1795 Samariae.
974 1731 1093 1794 Etcum
1118 1735 1226 1795 missus

125 1861 141 1904 a
165 1862 241 1926 rege
263 1845 382 1906 nuntius
406 1863 466 1908 non
491 1843 668 1907 credidisset
695 1843 813 1907 dicens:
845 1845 875 1909 Si
898 1845 1007 1926 pluerit
1029 1845 1164 1908 dominus
1188 1847 1227 1909 de

126 1956 211 2018 caelo
243 1956 450 2019 abundantiam
482 1958 636 2037 frumenti,
668 1977 726 2021 nec
748 1960 791 2020 sic
815 1958 933 2038 quidem
958 1958 985 2019 id
1009 1965 1112 2038 posset
1136 1958 1225 2038 ellici,

125 2065 198 2127 dixit
221 2066 257 2129 ad
281 2085 347 2129 eum
369 2068 543 2131 Helisaeus:
577 2068 652 2142 Quia
684 2087 743 2131 non
775 2068 942 2149 credidisti,
975 2071 1070 2134 oculis
1094 2072 1152 2134 tuis
1177 2073 1225 2134 vi·

125 2178 209 2241 debis
234 2187 263 2241 et
286 2198 346 2243 non
369 2180 569 2243 manducabis.
585 2177 618 2262 ³)

214 2283 285 2352 121.
329 2289 367 2352 Et
389 2291 483 2354 lactus
512 2298 559 2353 est
588 2293 686 2354 subito
712 2291 871 2354 incastris
896 2291 1001 2375 Syriae
1032 2293 1115 2357 velut
1145 2313 1224 2376 qua-

125 2400 276 2484 drigarum
298 2420 391 2465 sonus
415 2411 444 2465 et
467 2422 529 2466 vox
551 2404 640 2465 multa
664 2405 794 2483 equitum
818 2411 847 2466 et
869 2423 931 2468 vox
954 2424 1080 2490 magnae
1107 2410 1223 2470 virtutis

123 2521 212 2595 atque
235 2516 342 2598 ingens
364 2516 433 2579 belli
464 2517 621 2579 tumultus:
656 2525 687 2579 et
716 2520 847 2581 arbitrati
881 2527 949 2581 sunt
973 2519 1039 2602 Syri
1063 2521 1142 2601 quod
1168 2540 1224 2582 rex

122 2627 217 2690 lsrael
240 2630 269 2691 in
292 2630 464 2692 societatem
497 2629 675 2691 advocasset
702 2632 809 2711 proelii
831 2649 935 2714 regem
961 2632 1094 2714 Aegypti
1118 2640 1147 2695 et
1170 2651 1224 2694 re-

122 2761 192 2826 gem
208 2743 477 2819 Amorrhaeorum3
502 2751 532 2805 et
548 2743 689 2826 sugerunt
704 2744 833 2808 diluculo
853 2740 1056 2828 relinquentes
1080 2749 1223 2810 taberna-

123 2857 189 2919 cula
212 2874 283 2935 sua,
317 2856 455 2936 quoniam
479 2855 659 2918 verebantur
682 2875 720 2918 ne
743 2858 897 2939 inproviso
926 2858 1053 2921 adventu
1078 2878 1223 2924 novorum

122 2972 364 3051 opprimerentur
386 2969 513 3032 hostium
530 2976 560 3030 et
575 2971 740 3032 coniunctis
763 2989 868 3054 regum
888 2974 1000 3035 viribus
1020 2992 1080 3037 non
1100 2983 1224 3056 possent

122 3086 277 3145 resistere.
321 3084 353 3146 ld
376 3082 560 3164 incognitum
585 3083 734 3147 Samariae
766 3093 848 3164 erat,
882 3089 1020 3166 quoniam
1050 3091 1121 3151 victi
1144 3096 1223 3151 metu

122 3203 152 3260 et
176 3196 253 3259 lame
277 3196 366 3258 tabidi
390 3216 446 3259 nec
469 3197 668 3279 praetendere
691 3198 847 3261 audebant.

213 3309 284 3372 122.
328 3308 421 3371 Erant
443 3316 539 3372 autem
562 3309 674 3390 leprosi
698 3315 836 3388 quattuor
852 3310 887 3372 ad
906 3319 1019 3391 portam
1043 3308 1222 3396 civitatis‚⁴)

122 3423 229 3504 quibus
262 3424 322 3484 vita
352 3430 418 3485 erat
447 3423 622 3503 supplicium
645 3428 675 3483 et
698 3424 773 3485 mori
803 3424 932 3499 lucrum3
967 3432 996 3486 et
1024 3425 1164 3487 dixerunt
1186 3425 1222 3487 ad

121 3553 156 3598 se
180 3537 325 3598 invicem:
349 3534 429 3598 Ecce
452 3553 508 3598 nos
532 3506 585 3596 hic'
602 3535 741 3597 sedemus
758 3541 787 3596 et
804 3537 952 3602 morimur.
991 3537 1021 3601 Si
1038 3538 1223 3620 ingredimur

121 3648 245 3727 urbem,
277 3650 439 3710 moriemur
470 3647 564 3722 latne3
598 3647 624 3707 si
646 3665 798 3708 manemus
822 3647 884 3724 hic,
920 3649 1030 3712 nullam
1060 3651 1222 3712 subsidium

121 3761 244 3822 vivendi
268 3761 398 3843 suppetit
419 3761 523 3824 nobis:
557 3777 659 3823 eamus
684 3761 714 3822 in
737 3770 834 3824 castra
857 3761 977 3845 Syriae,
1009 3771 1061 3825 aut
1082 3780 1221 3844 conpen-

135 3918 330 3931 *—

194 4025 223 4092 η
241 4026 266 4076 a.
285 4025 349 4096 aeg.
368 4027 394 4093 a,
413 4025 447 4078 aa
464 4042 521 4099 aeq.
593 4027 746 4098 2)1nid.t‚
767 4031 790 4084 1.
861 4029 890 4098 a)
905 4012 968 4084 nm.
981 4047 1007 4086 v.
1027 4028 1068 4082 aa.
1104 4031 1133 4095 a)
1153 4028 1217 4082 ura.

120 4112 150 4179 t,
167 4111 183 4165 ³
202 4128 257 4184 aeq.
1139 4143 1145 4155 ι
