2692 4666
100 275 103 293 Ι
123 348 164 413 qq
612 343 687 395 vnn

121 506 216 569 virum
240 510 269 567 et
291 504 373 589 diligi
396 505 432 567 ab
455 505 506 567 illo
530 510 559 566 et
581 502 755 583 frequenter
789 522 854 566 cum
886 503 936 566 illo
958 504 1111 568 convivari
1133 503 1211 567 soli-

121 627 199 697 tum,
231 620 356 682 audivit:
388 617 463 680 idco
485 617 604 694 cineis,
637 636 759 694 coenes,
794 618 868 697 quia
897 615 936 678 ab
959 617 1015 680 illc
1038 618 1108 680 ciro
1132 617 1210 679 dili-

120 736 221 815 peris,
252 735 306 815 qui
335 734 412 795 dicit
440 732 519 795 soli:
550 731 624 808 Sto,
655 739 685 792 et
713 739 786 793 stat.
831 730 918 805 Quod
941 729 1010 793 ideo
1034 749 1093 814 ego
1115 733 1212 812 posui,

121 856 152 912 ut
174 849 258 911 cuius
282 847 377 910 lamae
399 846 488 910 luerit
511 846 556 929 yir
587 853 707 908 sanctus
731 846 817 906 etiam
840 844 917 926 epud
940 845 1082 908 barbaras
1104 853 1212 928 gentes

122 968 347 1045 agnosceretur.
398 960 471 1023 Nam
502 966 532 1022 et
560 977 616 1022 nos
645 958 797 1021 referente
826 960 935 1022 iuvene
958 958 1085 1039 quodam
1108 958 1212 1023 Arbo-

120 1078 215 1160 gastis
238 1075 393 1140 admodum
416 1075 560 1158 religioso
585 1074 790 1156 cognovimus,
814 1075 865 1155 qui
887 1079 956 1137 tunc
979 1073 1110 1138 interluit
1117 1096 1126 1151 ;
1149 1081 1214 1137 eret

122 1189 199 1252 enim
222 1190 251 1250 in
276 1193 420 1268 tempore,
444 1204 503 1268 quo
527 1186 601 1248 baec
623 1185 809 1266 loquebatur,
832 1187 892 1248 vini
915 1187 1060 1250 minister.

208 1299 258 1366 31.
304 1299 459 1364 Proiectus
482 1301 582 1382 itaque
604 1299 746 1362 sacerdos
769 1299 807 1361 de
831 1300 956 1384 Tusciae
987 1302 1121 1382 partibus
1144 1302 1213 1364 lile-

121 1414 270 1478 diolanum
294 1413 453 1476 revertitur
475 1412 530 1474 iam
555 1410 623 1473 inde
646 1429 773 1494 egresso
788 1410 925 1494 Eugenio
949 1421 1051 1478 contra
1069 1415 1214 1479 Theodo-

109 1530 211 1609 sium,
251 1527 350 1609 ibique
383 1527 539 1590 Cbristieni
568 1528 755 1609 imperatoris
788 1527 1025 1606 praestolabatur
1055 1528 1214 1592 adventum

60 1646 66 1654 ’
121 1660 246 1706 securus
262 1642 299 1705 de
315 1641 364 1704 dei
379 1641 518 1722 potentia,
534 1639 613 1722 quod
627 1657 686 1703 uon
702 1639 832 1703 traderet
843 1640 1013 1704 credentem
1024 1643 1053 1704 in
1069 1660 1104 1706 se
1115 1643 1215 1707 homi-

122 1757 209 1820 nibus
233 1757 357 1835 iniustis,
380 1773 436 1819 nec
459 1756 641 1838 relinqueret
663 1757 777 1837 virgam
793 1761 981 1837 peccatorum
998 1775 1088 1838 super
1104 1766 1215 1822 sortem

121 1875 284 1952 iustorum,
317 1891 356 1934 ne
386 1870 582 1936 extenderent
604 1871 674 1934 iusti
696 1870 733 1933 ad
756 1872 937 1954 iniquitatem
961 1889 1064 1934 manus
1088 1891 1165 1949 suas.
1184 1871 1214 1956 ¹)

34 2028 37 2033 ,
120 1988 299 2052 Promiserat
333 1986 409 2048 enim
441 1986 627 2068 Arbogastes
660 1992 730 2049 tunc
759 2005 860 2050 comes
893 1996 922 2051 et
944 1986 1100 2049 Flavianus
1123 2004 1215 2068 prae-

122 2099 218 2162 fectus
242 2098 409 2161 Mediolano
434 2097 642 2180 egredientes,
673 2116 737 2161 cum
769 2101 899 2162 victores
929 2100 1047 2162 reversi
1078 2098 1213 2180 fuissent,

121 2211 265 2274 stabulum
295 2229 330 2272 se
357 2228 429 2272 esse
462 2208 593 2273 lecturos
617 2211 646 2273 in
670 2210 788 2273 basilica
812 2211 958 2274 ecclesiae
981 2212 1214 2277 Mediolanensis

122 2331 210 2415 atque
234 2325 361 2387 clericos
391 2325 446 2387 sub
469 2325 557 2388 armis
580 2325 774 2406 probaturos3
805 2324 859 2387 sed
891 2325 1049 2389 miserandi
1079 2328 1213 2390 homines

122 2459 188 2504 cum
211 2439 403 2502 daemonibus
437 2441 499 2501 suis
529 2439 604 2502 male
634 2439 746 2501 creduli
769 2447 837 2503 sunt
860 2447 889 2502 et
912 2443 1048 2522 aperiunt
1070 2459 1106 2506 cs
1129 2460 1213 2505 suum

123 2558 152 2620 in
175 2556 401 2637 blasphemiam,
433 2554 509 2636 apud
542 2555 628 2617 deum
659 2573 742 2636 spem
773 2554 828 2618 sibi
860 2555 1002 2617 victoriae
1033 2555 1212 2619 ademerunt.

123 2671 218 2734 Causa
240 2676 336 2733 autem
360 2669 565 2733 commotionis
588 2669 662 2731 baec
687 2668 750 2747 fuit,
782 2669 850 2749 quia
872 2687 994 2731 munera
1017 2670 1214 2751 imperatoris,

123 2788 172 2866 qui
202 2803 236 2847 se
266 2784 425 2866 sacrilegio
454 2784 630 2861 miscuerat,
664 2784 699 2845 ab
733 2782 861 2844 ecclesia
891 2785 1125 2864 respuebantur,
1157 2801 1214 2846 nec

123 2898 225 2962 orandi
257 2899 296 2961 illi
328 2917 393 2960 cum
423 2897 550 2960 ecclesia
581 2898 710 2960 societas
741 2896 931 2960 tribuebatur.
976 2896 1035 2960 Sed
1067 2896 1213 2979 dominus,

123 3014 173 3094 qui
204 3012 360 3074 ecclesiam
392 3028 475 3074 suam
506 3012 583 3072 tueri
615 3009 787 3088 consuevit,
818 3008 856 3072 de
885 3010 969 3073 caelo
1002 3012 1144 3075 iaculatus
1169 3019 1215 3075 est

122 3125 260 3189 iudicium
289 3135 379 3208 etque
403 3143 519 3188 omnem
550 3125 702 3188 victoriam
732 3123 768 3188 ad
800 3124 973 3207 religiosum
1005 3128 1214 3208 imperatorem

124 3242 269 3305 transtulit
291 3239 501 3303 Theodosium.
548 3238 702 3303 Exstincto
727 3241 825 3321 itaque
853 3239 989 3323 Eugenio
1019 3241 1214 3305 satellitibus-

124 3375 182 3438 que
213 3357 276 3418 eius
305 3372 369 3418 cum
403 3355 511 3435 scripta
543 3356 690 3436 acciperet
720 3355 925 3436 imperatoris,
956 3373 1016 3418 non
1047 3357 1087 3418 illi
1120 3359 1214 3420 maior

124 3489 194 3533 cura
218 3469 281 3547 luit,
305 3487 390 3550 quam
413 3477 445 3531 ut
467 3487 522 3550 pro
547 3470 592 3532 bis
613 3469 821 3550 interveniret,
852 3488 928 3552 quos
959 3476 1061 3532 reatus
1085 3471 1214 3534 invene-

123 3589 175 3647 rat.
221 3582 390 3646 Obsecrans
427 3584 521 3664 primo
553 3583 670 3666 scriptis
699 3584 907 3664 imperatorem
945 3585 1035 3648 misso
1069 3584 1243 3666 diacono,

124 3704 228 3778 postea
267 3714 339 3758 vero
377 3714 464 3776 quam
503 3695 632 3759 directus
670 3703 716 3759 est
752 3697 878 3760 loannes
915 3704 986 3760 tunc
1018 3699 1152 3762 tribunus
1186 3707 1216 3762 et

125 3811 268 3887 notarius,
313 3810 363 3890 qui
407 3829 485 3874 nunc
530 3811 698 3893 praelectus
735 3819 797 3891 est,
843 3811 880 3874 ad
915 3813 1066 3876 tuitionem
1101 3832 1215 3893 eorum,

125 3925 175 4004 qui
196 3923 233 3985 ad
256 3924 411 3987 ecclesiam
443 3925 656 4011 confugerant,
688 3927 775 3989 etiam
806 3926 872 4010 ipse
895 3926 1059 4009 Aquileiam
1082 3930 1215 4013 perrexit

196 4166 223 4242 1)
241 4165 330 4222 Psalm.
353 4166 412 4235 124,
430 4166 454 4223 3.
