2692 4666
183 351 249 416 214
626 344 652 398 s.
671 341 827 397 uuunosu

583 508 754 576 CAPUT
790 508 884 577 XIX.

184 659 307 712 Narratur
325 657 461 708 admissum
479 657 504 707 iu
523 655 616 707 levitae
635 656 765 707 cuiusdam
784 670 889 708 uxorem
908 671 921 707 a
941 655 1039 707 civibus
1058 655 1144 708 Gabari
1163 655 1285 726 flagitium

184 753 261 814 utque
281 760 313 796 ax
332 744 399 796 illius
417 743 512 795 ultione
531 743 658 812 colligitur
676 760 752 812 quam
774 743 906 796 veteribus
929 743 979 795 illis
1004 743 1075 794 cordi
1099 742 1188 815 lueritx
1200 743 1285 796 hone-

654 833 724 882 statis
742 833 814 884 ratio.

275 951 346 1020 111.
391 955 506 1030 Quanta
537 961 634 1018 autem
649 955 829 1037 ‘honestatis
860 974 932 1019 cura
961 953 1122 1018 maioribus
1152 951 1227 1032 luit,
1257 960 1289 1016 ut

186 1071 273 1134 unius
303 1069 435 1131 mulieris
463 1067 598 1129 iniuriam
629 1072 734 1148 stupro
767 1067 885 1129 inlatam
916 1066 1174 1147 intemperantium
1208 1063 1287 1127 bello

186 1189 441 1267 persequerentur
464 1186 494 1242 et
516 1184 594 1244 victo
625 1183 736 1262 populo
768 1182 861 1243 tribus
884 1179 1037 1242 Beniamin
1067 1179 1289 1241 obtestarentur

188 1298 217 1358 in
242 1297 412 1378 coniugium
436 1312 470 1356 se
494 1295 537 1356 eis
567 1296 703 1375 proprias
726 1294 800 1356 filias
824 1312 886 1356 non
910 1290 1049 1355 daturos!
1093 1291 1289 1355 Remanserat

188 1410 281 1472 tribus
304 1409 370 1469 sine
392 1407 453 1470 ullo
476 1408 660 1488 posteritatis
683 1407 834 1486 subsidio,
867 1408 923 1469 nisi
955 1405 1066 1468 fraudis
1095 1406 1289 1469 necessariae

190 1523 357 1602 accepisset
379 1520 534 1583 licentiam.
580 1520 664 1594 Quae
687 1526 784 1582 tamen
808 1520 992 1601 indulgentia
1014 1537 1153 1602 congruo
1177 1520 1289 1581 intem-

189 1636 343 1717 perantiae
366 1634 511 1715 supplicio
535 1652 597 1697 non
619 1634 737 1699 videtur
760 1652 879 1712 vacare,
903 1632 1022 1715 quando
1045 1632 1102 1695 illis
1120 1632 1179 1696 hoc
1195 1633 1292 1696 solum

190 1748 367 1828 permissum
390 1753 453 1824 est,
475 1753 508 1807 ut
530 1751 614 1826 rapto
638 1746 746 1807 inirent
769 1747 927 1828 coniugia,
958 1764 1018 1807 non
1042 1746 1162 1808 conubii
1184 1763 1292 1807 sacra-

192 1868 302 1922 mento.
347 1857 383 1920 Et
406 1875 513 1920 revera
536 1857 657 1941 dignum
682 1857 735 1920 luit
765 1866 795 1921 ut
826 1861 876 1939 qui
907 1859 1034 1922 alienum
1064 1859 1293 1922 contubernium

192 1973 345 2036 solverant
367 1971 423 2053 ipsi
447 1974 614 2052 nuptiarum
638 1974 803 2035 amitterent
825 1973 1060 2036 sollemnitatem.

283 2081 365 2148 112„
400 2084 494 2159 Quam
516 2085 604 2167 plena
627 2095 725 2148 autem
748 2086 947 2150 miserationis
970 2084 1118 2149 historia?
1157 2085 1220 2164 Vir,
1242 2085 1294 2147 in-

136 2269 144 2279 ,
193 2199 266 2280 quit,
285 2195 313 2280 ¹)
336 2197 424 2259 levita
447 2204 606 2278 acceperat
628 2197 684 2259 sibi
707 2197 836 2279 iugalem
860 2192 966 2280 (quam
990 2215 1008 2258 a
1031 2197 1192 2260 concubitu
1216 2215 1294 2260 con-

194 2284 329 2374 cubinam
353 2312 527 2393 appellatam
550 2308 715 2394 arbitror),
744 2329 821 2392 quae
844 2312 992 2392 aliquanto
1017 2317 1085 2394 post
1107 2310 1296 2391 quibusdam,

194 2430 227 2487 ut
248 2423 312 2487 fieri
335 2424 427 2502 solet,
452 2424 566 2486 ollensa
588 2427 680 2487 rebus
692 2409 741 2486 'ad
765 2432 877 2507 patrem
900 2444 935 2488 se
958 2426 1082 2488 contulit
1105 2430 1136 2486 et
1159 2423 1214 2488 luit
1237 2423 1298 2486 illic

196 2544 335 2617 quattuor
357 2538 517 2600 mensibus.
562 2537 600 2600 Et
629 2540 762 2601 surrexit
793 2541 840 2601 vir
872 2540 937 2602 eius
969 2545 999 2600 et
1028 2539 1098 2600 abiit
1127 2537 1164 2600 ad
1195 2537 1297 2600 soceri

195 2652 242 2712 sui
266 2649 399 2729 domum,
424 2659 456 2714 ut
478 2671 545 2714 eum
568 2670 621 2714 sua
644 2653 735 2736 iugali
759 2661 913 2735 repararet
935 2654 1061 2737 gratiam
1084 2657 1114 2713 et
1136 2659 1299 2715 revocaret

193 2768 261 2823 ‘eam
286 2781 320 2825 ac
342 2762 511 2826 reduceret.
557 2763 695 2827 Occurrit
717 2765 745 2826 ei
767 2766 872 2827 mulier
895 2771 983 2845 atque
1006 2767 1036 2826 in
1059 2766 1180 2828 domum
1204 2765 1297 2846 patris

198 2876 244 2937 sui
266 2877 429 2939 introduxit
452 2879 594 2940 maritum.

290 2985 361 3050 113.
406 2987 543 3051 Laetatus
567 2996 614 3052 est
636 2989 879 3055 adulescentulae
901 2998 996 3074 pater,
1023 2994 1105 3056 veuit
1128 2992 1248 3058 obviam
1270 2999 1300 3056 et

198 3098 276 3163 sedit
304 3118 370 3163 cum
403 3119 441 3164 eo
473 3103 566 3164 tribus
595 3101 717 3180 diebus;
750 3110 780 3166 et
810 3103 919 3185 epulati
949 3112 1018 3167 sunt
1048 3113 1079 3167 et
1109 3105 1298 3187 quieverunt

198 3212 236 3275 Et
257 3215 396 3295 sequenti
418 3214 466 3277 die
489 3217 621 3279 surrexit
643 3216 733 3279 levita
757 3216 888 3281 diluculo
919 3223 950 3280 et
977 3224 1110 3282 retentus
1134 3226 1182 3281 est
1205 3236 1223 3281 a
1244 3236 1299 3281 so-

199 3344 283 3406 cero,
310 3335 344 3390 ut
374 3334 431 3390 tam
464 3330 521 3393 cito
555 3347 615 3392 nou
647 3329 803 3393 desereret
832 3331 962 3394 convivii
992 3331 1213 3394 iucunditatem.
1264 3328 1301 3392 Et

200 3439 258 3502 alio
282 3447 312 3501 et
334 3440 420 3502 tertio
445 3440 493 3503 die
516 3459 578 3505 non
606 3442 739 3523 permisit
764 3448 848 3523 pater
879 3441 1119 3507 adulescentulae
1150 3442 1300 3525 prolicisci

201 3571 347 3636 generum
370 3571 472 3633 suum,
502 3554 598 3617 donec
621 3554 729 3616 laetitia
753 3562 783 3616 et
806 3557 901 3636 gratia
923 3557 1002 3617 inter
1024 3573 1078 3618 cos
1102 3557 1200 3618 ornnis
1223 3573 1301 3619 cou-

201 3675 407 3730 summaretur.
453 3667 512 3732 Sed
536 3666 584 3730 die
607 3669 733 3750 septimo
762 3687 828 3730 cum
857 3670 913 3730 iam
944 3668 982 3731 ad
1011 3687 1172 3751 vesperum
1203 3668 1301 3731 decli-

202 3786 288 3844 naret
319 3780 383 3843 dies
412 3786 481 3862 post
510 3799 628 3843 mensas
660 3788 690 3843 et
718 3782 794 3844 laeta
824 3784 979 3861 convivia,
1014 3801 1080 3844 eum
1110 3787 1301 3864 praetexeret

203 3892 341 3954 finitimae
372 3892 468 3955 noctis
497 3893 653 3972 viciniam,
686 3900 719 3955 ut
747 3893 825 3974 apud
855 3910 928 3957 suos
958 3895 1074 3976 potius,
1105 3914 1194 3977 quam
1225 3893 1301 3978 apud

276 4131 304 4200 1)
322 4131 376 4185 lud.
397 4131 438 4198 19,
460 4129 471 4182 l
491 4146 562 4200 seqq.
