2692 4666
188 342 252 404 202
479 388 483 399 ,
636 339 660 392 S.
680 339 837 392 tttssuostt

186 501 363 564 sacramenti
386 505 483 561 tamen
517 501 764 582 contemplatione
796 500 904 564 faciunt
934 499 1013 580 quod
1043 499 1281 584 spoponderunt,

186 613 262 674 sicut
280 611 319 675 dc
333 612 454 676 Herode
478 629 567 692 supra
590 612 772 692 scripsimus,
796 614 846 692 qui
869 611 1010 674 saltatrici
1032 613 1196 693 praemium
1215 619 1281 674 tur-

185 727 263 807 piter
292 726 444 806 promisit,
483 724 643 788 crudeliter
671 725 768 789 solvit.
826 726 925 807 Turpe
958 725 1038 805 quod
1068 744 1196 809 regnum
1227 744 1281 808 pro

186 837 342 901 saltatione
364 840 542 919 promittitur
550 859 559 914 3
592 839 713 902 crudele
736 839 817 919 quod
841 857 920 901 mors
943 838 1107 920 prophetae
1128 856 1185 920 pro
1209 839 1282 901 iuris

185 950 300 1013 iurandi
316 951 463 1034 religione
479 951 613 1014 donatur.
653 953 769 1026 Quanto
786 952 967 1016 tolerabilius
984 953 1034 1016 tali
1049 951 1156 1015 fuisset
1173 952 1281 1032 periu-

185 1065 260 1126 rium
283 1072 479 1143 sacramento,
504 1066 529 1126 si
553 1070 651 1126 tamen
673 1065 834 1146 periurium
856 1072 961 1147 posset
985 1063 1052 1142 dici,
1075 1061 1157 1144 quod
1180 1063 1282 1125 ebrius

186 1179 264 1239 inter
294 1177 362 1238 uina
392 1177 555 1255 iuraverat,
590 1175 669 1256 quod
702 1177 832 1238 eviratus
865 1177 944 1238 inter
974 1175 1139 1238 saltantium
1172 1175 1282 1238 choros

185 1290 389 1370 promiserat?
426 1289 554 1352 lolertur
573 1289 654 1351 disco
671 1289 835 1372 prophetae
852 1297 954 1373 caput3
978 1296 1008 1353 et
1022 1289 1080 1353 hoo
1095 1292 1282 1354 aestimatum

186 1410 232 1466 est
253 1405 322 1466 [idei
345 1422 428 1482 csse,
453 1402 531 1484 quod
556 1405 702 1467 amentiae
725 1403 788 1466 fuit.

274 1514 324 1579 78.
369 1516 476 1596 Neque
509 1534 645 1596 umquam
678 1515 823 1596 adducar,
856 1525 888 1580 ut
920 1515 1039 1579 credam
1073 1533 1136 1578 mon
1164 1516 1283 1579 incaute

186 1632 359 1713 promisisse
386 1630 549 1711 principem
571 1629 707 1710 lephtbe,
731 1626 759 1714 ¹)
792 1636 823 1692 ut
854 1630 1019 1693 immolaret
1049 1627 1107 1692 deo
1141 1627 1283 1711 quidquid

185 1744 241 1807 sibi
271 1744 434 1805 revertenti
461 1744 539 1805 intra
566 1743 656 1805 limen
687 1743 792 1807 domus
822 1762 895 1806 suae
926 1749 1116 1823 occurreret,
1151 1761 1221 1806 cum
1255 1748 1283 1804 et

185 1859 281 1940 ipsum
303 1858 364 1920 voti
387 1857 564 1939 paenituerit
587 1857 641 1935 sui,
665 1863 821 1937 postquam
845 1857 903 1919 lilia
926 1857 1056 1920 occurrit
1075 1856 1141 1920 sibi.
1187 1854 1281 1918 Deni-

186 1991 246 2054 que
270 1971 416 2034 conscidit
438 1972 612 2033 vestimenta
636 1989 690 2033 sua
713 1978 744 2032 et
765 1967 900 2054 dixit22)
928 1971 997 2032 Heu
1018 1990 1082 2049 me,
1111 1971 1202 2050 sitio,
1231 1971 1281 2032 ia·

92 2164 97 2174 ,
181 2086 302 2165 petiisti
323 2104 387 2162 mc,
422 2086 456 2146 io
483 2085 641 2146 stimulum
671 2085 814 2148 dolorum
836 2084 928 2162 sactu
951 2104 984 2148 es
1004 2085 1088 2147 mibi.
1136 2085 1195 2161 Qui
1216 2085 1283 2148 licet

185 2199 235 2280 pio
258 2204 338 2259 metu
360 2216 395 2260 ac
418 2197 575 2260 formidine
606 2199 797 2261 acerbitatem
820 2198 913 2261 durae
935 2199 1091 2262 solutionis
1116 2198 1282 2281 inpleverit,

185 2318 284 2373 tamen
306 2310 415 2373 luctum
447 2329 575 2374 annuum
607 2312 693 2375 etiam
722 2313 852 2393 posteris
881 2311 1095 2394 deplorandum
1124 2313 1228 2375 statuit
1249 2330 1282 2377 ao

186 2423 353 2504 dereliquit.
398 2425 479 2488 Dura
500 2425 677 2506 promissio,
709 2427 847 2489 acerbior
877 2426 1003 2507 solutio,
1035 2444 1123 2506 quam
1153 2444 1281 2490 necesse

184 2536 286 2599 babuit
307 2536 414 2619 lugere
436 2537 522 2598 etiam
545 2537 609 2617 ipse
632 2537 680 2617 qui
700 2536 785 2600 lecitl
829 2538 968 2618 Denique
988 2538 1096 2602 lactum
1120 2546 1166 2602 est
1189 2559 1282 2622 prae-

185 2657 302 2732 ceptum
327 2658 357 2713 et
380 2650 532 2713 decretum
555 2650 585 2712 in
606 2650 698 2714 lsrael
729 2670 768 2713 ex
791 2652 895 2716 diebus
918 2653 948 2715 in
971 2651 1052 2716 dies:
1070 2651 1102 2737 ³)
1130 2653 1281 2718 Ambula-

185 2767 276 2842 baut,
310 2765 422 2846 iuquit,
454 2766 541 2845 tiliae
568 2765 681 2845 populi
708 2764 825 2843 Israel,
861 2767 999 2846 tepentes
1027 2768 1126 2848 filium
1154 2768 1281 2848 Iepbtbe

188 2879 399 2941 Galaadittda's
429 2887 576 2959 quattuor
602 2880 712 2943 diebus
734 2881 768 2941 ta
792 2900 885 2943 uano.
930 2881 998 2944 Non
1032 2898 1156 2963 possum
1189 2901 1281 2946 accu-

184 3008 254 3055 sare
278 2993 390 3071 virum,
425 2993 475 3072 qui
498 3011 626 3056 necesse
659 2992 760 3058 habuit
789 2993 905 3075 inplere
940 2993 1022 3074 quod
1051 3001 1179 3059 voverat
1186 3016 1196 3073 3
1228 2996 1279 3059 sed

184 3112 283 3169 lamen
305 3105 480 3168 miserabilis
504 3106 686 3186 necessitas,
710 3125 786 3188 quae
808 3106 933 3170 solvitur
954 3107 1124 3189 parricidio.

273 3216 322 3284 79.
367 3219 472 3282 illelius
496 3225 624 3283 estnon
647 3238 772 3300 vovere,
803 3239 888 3301 quam
909 3239 1024 3283 vovere
1046 3220 1085 3299 id,
1110 3221 1194 3303 quod
1215 3223 1278 3302 sibi,

184 3333 233 3395 cui
269 3335 466 3414 promittitur,
506 3334 580 3396 nolit
612 3334 738 3397 exsolvi.
790 3335 925 3416 Denique
959 3334 989 3396 in
1022 3333 1105 3397 lsaac
1137 3335 1278 3400 babemus

185 3448 368 3528 exemplum,
384 3441 416 3529 ⁴)
446 3464 501 3528 pro
525 3463 584 3527 quo
608 3447 729 3509 arietem
753 3445 887 3509 dominus
917 3449 1018 3510 statuit
1046 3449 1193 3513 immolari
1214 3451 1278 3512 sibi.

184 3559 252 3623 Non
282 3576 400 3642 semper
429 3561 519 3643 igitur
546 3563 693 3642 promissa
723 3562 866 3625 solvenda
896 3563 993 3624 omnia
1020 3568 1097 3625 sunt.
1141 3562 1278 3644 Denique

183 3674 249 3756 ipse
272 3673 407 3737 dominus
430 3674 605 3756 frequenter
623 3693 706 3738 suam
724 3681 815 3736 mutat
831 3676 1018 3755 sententiam,
1039 3677 1117 3737 siout
1131 3678 1279 3758 scriptura

183 3787 300 3850 indicat.
345 3789 418 3851 Nam
442 3796 472 3851 et
494 3789 524 3849 in
548 3805 587 3850 eo
615 3788 708 3868 libro,
740 3789 790 3868 qui
820 3788 960 3851 scribitur
981 3789 1123 3868 Numeri,
1139 3785 1172 3873 ⁵)
1203 3808 1278 3872 pro-

256 4065 283 4130 1)
303 4065 357 4119 tud.
378 4065 419 4132 11,
439 4065 473 4116 30
488 4082 561 4134 seqq.
615 4066 644 4131 2)
663 4064 726 4118 lbid.
745 4083 769 4118 v.
789 4065 830 4118 35.
888 4065 916 4130 3)
934 4065 997 4118 lbid.
1016 4082 1041 4118 v.
1060 4066 1102 4116 lu.
1167 4068 1198 4138 4)
1216 4067 1277 4119 Gen.

183 4151 228 4216 22,
248 4151 288 4204 13.
359 4152 387 4216 5)
407 4149 469 4219 Gap.
493 4152 533 4202 14.
552 4168 576 4203 ν.
598 4151 638 4202 12.
