2692 4666
371 327 417 382 DE
435 324 570 384 omont
588 320 815 380 untlstnobtttt
831 320 929 377 tlara
945 321 965 377 l.
1171 315 1212 387 5¹1

120 488 249 569 indicio,
282 507 368 570 quam
395 490 446 554 ille
468 489 665 568 Pharisaeus,
696 505 781 569 quem
806 485 982 551 deformavit
1003 488 1213 568 praesumptio.

121 598 253 682 Ideoque
284 620 402 666 oremus
432 604 464 666 in
493 600 715 682 incorruptione
746 599 837 681 quieti
868 606 899 661 et
928 601 1055 663 modesti
1085 601 1214 683 spiritus,

123 715 175 796 qui
205 721 252 777 cst
280 722 348 778 ante
378 715 465 779 deum
493 714 645 796 locuples,
675 720 707 776 ut
728 713 768 777 ait
789 712 902 776 Petrus.
923 710 951 797 ¹)
995 713 1102 796 dlagna
1125 714 1216 795 igitur

123 828 286 908 modestia,
315 848 408 910 quae,
441 848 506 893 cum
529 831 567 893 sit
591 830 678 892 etiam
702 828 749 892 sni
771 828 844 916 iupis
866 828 1035 908 remissior,
1065 828 1137 889 nibil
1160 827 1215 889 sibi

123 961 282 1024 usurpans,
304 943 376 1006 nibil
396 943 549 1007 vindicans
573 950 601 1006 et
623 941 840 1025 quodammodo
864 944 940 1006 intra
958 945 1037 1007 vires
1053 960 1122 1006 suas
1138 961 1215 1005 con-

124 1057 257 1138 tractior,
280 1058 364 1122 dives
387 1065 432 1123 est
455 1058 532 1140 apud
555 1057 653 1138 deum,
675 1057 754 1140 apud
776 1077 864 1140 quem
888 1075 975 1120 nemo
994 1057 1087 1120 dives.
1124 1057 1216 1119 Dives

126 1177 174 1234 est
194 1172 356 1253 modestia,
387 1175 455 1256 quia
478 1174 525 1237 dei
548 1174 646 1254 portio
671 1179 724 1236 est.
767 1173 875 1236 Paulus
906 1189 1026 1254 quoque
1053 1171 1217 1234 orationem

126 1282 239 1345 deferri
269 1287 422 1368 praecepit
445 1283 478 1369 Ἰ)
506 1304 572 1348 cum
602 1284 782 1348 verecundia
814 1291 843 1347 et
875 1286 1043 1347 sobrietate.
1094 1285 1217 1347 Primam

125 1397 203 1460 banc
233 1404 264 1459 et
292 1401 377 1480 quasi
404 1401 554 1482 praeviam
583 1400 644 1463 vult
673 1417 742 1462 esse
774 1400 916 1463 orationis
939 1398 1072 1477 futurae,
1104 1406 1219 1462 utnon

126 1512 272 1596 glorietur
294 1516 461 1596 peccatoris
485 1515 591 1595 oratio,
617 1514 681 1594 sed,
705 1515 787 1596 quasi
810 1514 914 1577 colore
936 1512 1058 1595 pudoris
1082 1512 1218 1592 obducta,

127 1645 188 1709 quo
211 1628 278 1709 plus
301 1627 397 1691 defert
419 1629 618 1692 verecundiae
642 1628 679 1691 de
701 1628 910 1692 recordatione
933 1626 1040 1706 delicti,
1062 1626 1119 1690 boo
1141 1627 1219 1690 ube-

126 1742 240 1806 riorem
262 1749 410 1806 mereatur
432 1745 564 1827 gratiam

218 1854 268 1921 il.
303 1856 356 1920 Est
378 1860 464 1921 etiam
482 1859 595 1940 inipso
613 1865 704 1937 motu,
728 1862 827 1940 gestu,
849 1859 970 1921 incessu
985 1857 1113 1920 tenenda
1127 1876 1220 1920 vere-

128 1969 243 2034 cundia.
286 1972 408 2034 Habitus
431 1971 508 2034 enim
530 1972 634 2035 mentis
657 1972 687 2033 in
710 1971 846 2052 corporis
869 1977 947 2033 statu
971 1973 1111 2035 comitur.
1146 1972 1220 2034 llino

126 2085 217 2148 bomo
241 2085 340 2150 cordis
362 2088 457 2150 nostri
485 2087 675 2151 absconditus
706 2093 756 2148 aut
784 2086 880 2148 levior
910 2091 960 2149 aut
988 2087 1143 2149 iactantior
1170 2091 1221 2148 aut
1313 2091 1323 2099 ”

128 2198 294 2279 motator,
331 2207 380 2263 aut
414 2208 516 2264 contra
549 2203 672 2284 gravior
709 2208 739 2264 et
772 2202 955 2264 constantior
992 2208 1021 2262 et
1057 2201 1159 2282 purior
1192 2206 1221 2261 el

129 2315 273 2378 maurrior
294 2316 469 2379 aestimatur.
514 2316 613 2398 ltaque
636 2336 699 2380 vox
722 2316 865 2398 quaedam
895 2322 939 2378 est
969 2316 1056 2378 animi
1086 2316 1221 2397 corporis

131 2433 238 2490 motus.

220 2539 271 2605 ta.
315 2540 505 2621 Meministis,
528 2541 596 2621 lilii,
625 2542 769 2622 quendam
792 2543 934 2622 amicum,
965 2560 1031 2604 cum
1053 2539 1165 2604 sedulis
1188 2557 1222 2604 sc

131 2655 283 2719 videretur
306 2656 514 2719 commendare
536 2656 651 2737 officiis,
673 2657 731 2720 hoo
753 2657 819 2719 solo
842 2663 940 2719 tamen
963 2657 993 2719 in
1014 2656 1126 2719 olerum
1142 2673 1159 2717 a
1175 2672 1223 2718 me

130 2790 193 2835 non
214 2778 377 2852 receptum,
400 2770 479 2853 quod
503 2780 607 2855 gestus
630 2772 694 2835 eius
716 2773 874 2853 plurimum
898 2771 1058 2836 dedeceret
1065 2794 1074 2850 ;
1101 2774 1224 2836 alterum

131 2905 253 2969 quoque
283 2905 351 2950 cum
380 2888 412 2949 in
441 2887 522 2951 clero
552 2889 769 2970 repperissem,
803 2889 908 2952 iubere
939 2907 986 2951 me
1016 2907 1054 2951 ne
1087 2907 1225 2969 umquam

130 3002 261 3084 praeiret
283 3002 370 3081 mihi,
402 3002 470 3082 quia
492 3002 572 3065 velut
596 3003 722 3083 quodam
745 3004 899 3067 insolentis
930 3004 1064 3066 incessus
1095 3005 1224 3067 verbere

132 3118 238 3181 oculos
262 3114 366 3180 feriret
387 3134 478 3179 meos.
517 3117 608 3199 ldque
630 3118 701 3199 dixi,
724 3138 791 3183 cum
806 3118 982 3182 redderetur
997 3124 1066 3200 post
1081 3118 1224 3180 offensam

131 3232 255 3294 muneri.
306 3233 370 3295 Hoc
400 3216 497 3296 solum
526 3236 648 3316 excepi,
678 3253 735 3297 nec
766 3234 872 3298 fefellit
903 3235 1067 3309 sententia3
1098 3239 1225 3314 uterquc

132 3347 211 3409 enim
233 3347 270 3408 ab
295 3347 422 3411 ecclesia
444 3349 586 3429 recessit,
618 3356 650 3413 ut
673 3350 765 3430 qualis
790 3350 910 3413 incessu
932 3348 1127 3430 prodebatur,
1159 3346 1225 3409 talis

131 3460 257 3542 perfidia
280 3461 368 3522 animi
391 3460 652 3525 demonstraretur.
697 3463 830 3543 Namque
854 3462 928 3525 alter
947 3460 1076 3524 Arianae
1097 3459 1225 3524 intesta·

132 3575 222 3638 tionis
246 3580 380 3655 tempore
402 3575 489 3638 lidem
512 3574 659 3655 deseruit,
682 3575 757 3638 alter
779 3576 924 3657 pecuniae
947 3575 1062 3655 studio,
1084 3593 1123 3638 nc
1145 3573 1226 3636 iudi-

132 3692 211 3752 cium
245 3690 358 3752 subiret
390 3687 594 3767 sacerdotale,
627 3705 661 3750 se
695 3694 829 3750 nostrum
861 3688 992 3771 negavit.
1037 3687 1167 3749 Lucebat
1195 3686 1226 3749 in

132 3805 251 3868 illorum
281 3804 402 3866 incessu
430 3805 529 3887 imago
560 3803 704 3882 levitatis,
735 3804 853 3884 species
883 3801 1027 3884 quaedam
1058 3819 1227 3865 scurrarum

133 3917 381 4003 percursantium.

205 4161 235 4242 1)
253 4161 277 4215 l.
296 4159 362 4212 retr.
382 4157 399 4220 3
417 4175 471 4234 seq.
542 4157 571 4232 2)
591 4158 615 4210 1.
633 4156 695 4210 Tim⁴
714 4157 740 4227 2,
760 4156 784 4215 9.
