2692 4666
198 322 260 387 110
633 319 659 373 S.
677 316 832 375 ttmnosn

284 479 357 548 224.
400 480 500 545 Habes
529 481 609 544 bunc
639 480 779 546 decorem
808 481 997 567 generalem,
1028 481 1096 562 qnia
1119 480 1191 544 fecit
1213 481 1287 545 deus

196 595 297 659 mundi
321 596 407 660 istius
435 595 695 678 pulchritudinem3
725 596 817 661 habes
840 603 869 660 et
892 602 1087 678 per‘partes,
1118 594 1188 677 quia
1220 612 1286 658 cum

197 711 309 774 laceret
331 710 406 774 deus
427 710 525 775 lucem
542 708 573 795 ¹)
605 718 636 774 et
666 711 742 774 diem
770 717 949 792 noctemque
977 709 1190 792 distingueret,
1223 727 1288 772 cum

197 823 341 889 conderet
363 825 493 906 caelum,
527 844 593 889 cum
615 832 711 890 terras
734 834 765 890 et
785 827 876 890 maria
900 830 1072 907 separaret,
1102 842 1170 888 oum
1193 824 1287 888 solem

200 945 228 1001 et
250 940 349 1002 lunam
373 944 403 1000 ct
424 938 526 1001 stellas
550 938 744 1009 coutitueret
766 939 868 1002 lucere
891 944 1128 1021 superterram,
1153 937 1288 1019 probavit

195 1052 321 1136 singula.
366 1052 447 1135 Ergo
471 1052 614 1116 decorum
634 1052 711 1132 hoc,
734 1052 814 1134 quod
834 1053 865 1116 in
887 1053 1011 1136 singulis
1033 1051 1134 1115 mundi
1156 1052 1288 1132 partibus

196 1167 347 1247 elucebat,
379 1168 409 1229 in
442 1167 634 1230 universitate
666 1164 864 1250 resplenduit,
898 1169 974 1231 sieut
1003 1165 1109 1249 probat
1140 1164 1289 1247 Sapientia

197 1280 316 1343 dicens:
334 1277 366 1363 ²)
396 1279 464 1361 Epo
487 1299 589 1356 eram,
620 1281 671 1342 cui
694 1279 905 1361 applaudebat
927 1326 1006 1343 ....
1030 1299 1098 1342 mem
1121 1279 1289 1342 laetaretur

198 1397 272 1458 orbe
296 1393 448 1474 perfecto.
493 1394 631 1459 Similiter
661 1413 736 1478 ergo
759 1395 842 1458 etin
864 1395 975 1458 fabrica
1003 1393 1122 1458 humani
1153 1393 1289 1474 corporis

195 1516 281 1593 grata
304 1515 350 1570 est
371 1506 604 1588 uniuscuiusque
627 1508 751 1570 membri
773 1509 889 1589 portio;
913 1508 966 1571 sed
990 1507 1057 1590 plus
1079 1507 1110 1569 in
1133 1523 1290 1569 commane

197 1621 364 1706 conpositio
392 1619 591 1683 membrorum
620 1628 687 1704 apta
717 1621 861 1702 delectat,
894 1621 973 1704 quod
994 1623 1033 1685 ita
1055 1620 1112 1684 sibi
1142 1619 1290 1702 quadrare

197 1746 228 1801 et
250 1736 413 1802 convenire
434 1734 600 1799 videantur.

568 1988 741 2056 CAPUT
776 1991 914 2058 XLVII.

199 2153 274 2207 Utin
295 2156 347 2209 vita
365 2162 450 2208 nostra
475 2153 575 2207 eluceat
598 2155 718 2209 decoram
741 2156 821 2223 illud,
849 2157 910 2225 quid
927 2125 1065 2225 'praestare
1091 2169 1139 2208 nos
1162 2160 1290 2223 oporteat,

544 2255 640 2311 quosve
658 2245 785 2313 appetitus
806 2242 944 2296 refrenare.

282 2385 355 2452 225.
402 2386 433 2451 Si
468 2386 534 2467 quis
566 2387 656 2470 igitur
689 2386 924 2467 aequabilitatem
958 2387 1117 2449 universae
1149 2384 1230 2446 vitae
1261 2386 1290 2445 et

195 2497 378 2583 singularum
406 2499 553 2560 actionum
576 2495 681 2560 modos
707 2503 824 2576 servet,
857 2498 991 2560 ordinem
1014 2515 1135 2580 quoque
1158 2502 1189 2560 et
1210 2514 1288 2560 con-

194 2613 330 2676 stantiam
361 2612 506 2675 dictorum
538 2618 626 2694 atque
656 2630 778 2694 operum
809 2614 1100 2695 moderationemque
1118 2611 1287 2691 custodiat,

194 2726 225 2788 in
249 2727 313 2790 eius
343 2727 403 2789 vita
435 2725 575 2789 decorum
606 2723 677 2789 illud
702 2724 821 2789 excellit
843 2734 873 2790 et
895 2727 979 2808 quasi
1001 2728 1031 2790 in
1054 2725 1183 2807 quodam
1212 2743 1287 2810 spe-

195 2839 262 2902 culo
286 2839 391 2903 elucet.

282 2950 355 3018 226.
400 2953 533 3019 Accedat
555 2961 654 3019 tamen
677 2955 777 3018 suavis
801 2972 915 3034 sermo,
945 2960 977 3017 ut
999 2954 1137 3019 conciliet
1159 2954 1217 3018 sibi
1239 2954 1287 3018 al·

195 3065 304 3129 fectum
334 3065 513 3131 audientium
544 3074 720 3150 gratumque
747 3085 781 3130 se
807 3067 856 3129 vel
882 3065 1073 3130 familiaribus
1100 3067 1149 3130 vel
1171 3067 1286 3131 civibus

194 3179 261 3260 vel,
289 3178 316 3243 s'i
338 3180 403 3243 lieri
425 3186 540 3264 potest,
571 3183 705 3244 omnibus
730 3182 881 3263 praebeat.
924 3181 1031 3262 Neque
1054 3181 1219 3245 adulantem
1242 3199 1286 3262 se,

195 3310 295 3374 neque
317 3292 493 3356 adulandum
520 3294 656 3375 cuiquam
686 3293 846 3370 exhibeat;
877 3293 1000 3357 alterum
1022 3293 1100 3355 enim
1122 3291 1286 3359 calliditatis

194 3410 257 3484 est,
279 3405 416 3468 vanitatis
439 3404 570 3469 alterum.

283 3516 356 3582 227.
401 3518 469 3581 Non
491 3516 649 3600 despiciat,
673 3516 743 3598 quid
764 3514 804 3586 ,do
826 3533 861 3579 se
883 3518 1086 3600 unusquisque
1109 3522 1140 3581 et
1160 3517 1287 3581 maxime

194 3634 241 3696 vir
264 3634 391 3716 optimus
416 3633 524 3697 sentiat
531 3654 541 3710 ;
572 3631 631 3696 hoc
654 3633 731 3695 enirn
753 3630 843 3695 modo
867 3631 952 3695 discit
976 3632 1063 3696 bonis
1090 3631 1211 3695 deferre
1233 3648 1286 3693 re-

195 3747 365 3810 verentiam.
411 3746 483 3808 Nam
517 3744 683 3830 neglegere
712 3746 858 3809 bonorum
889 3744 1071 3825 iudicia-'stol
1097 3747 1285 3830 arrogantiae

195 3862 244 3925 vel
275 3860 476 3924 dissolutionis
508 3866 569 3939 est,
606 3879 730 3940 quorum
759 3860 882 3924 alterum
913 3860 1072 3942 superbiae
1099 3859 1285 3936 adscribitur,

195 3974 319 4037 alterum
341 3974 559 4058 neglegentiae.

254 4141 527 4215 ¹¹)0011·1‚³ttq·
596 4143 887 4215 dlhou8,3(lseq.
939 4174 975 4187 ,.
1069 4182 1071 4189 ,
