2692 4666
155 334 198 400 32
605 333 630 386 ε.
651 334 806 390 ancuosn

243 491 272 556 3.
316 493 384 556 Non
413 493 504 576 igitur
532 494 601 557 mihi
631 496 835 577 apostolorum
865 496 991 579 gloriam
1016 497 1151 576 vindico,
1185 499 1251 580 quis

155 607 233 670 enim
255 606 331 685 hoc,
364 609 421 671 nisi
445 626 521 690 quos
544 611 608 692 ipse
631 611 706 673 lilius
731 611 821 694 elegit
844 610 917 673 dei?
951 630 1012 675 non
1041 613 1253 694 prophetarum

154 722 295 802 gratiam,
318 740 380 785 non
402 724 540 787 virtutem
564 726 833 807 evangelistarum,
865 745 925 790 non
947 733 1099 809 pastorum
1123 728 1252 791 circum-

155 837 355 918 spectionem,
387 837 441 902 sed
469 840 672 910 tantummodo
695 842 887 903 intentionem
911 848 940 903 et
963 841 1147 924 diligentiam
1171 843 1267 921 circa¹

155 952 318 1033 scripturas
343 952 456 1016 divinas
482 959 552 1033 opto
576 952 710 1034 adsequi,
734 972 821 1034 quam
838 954 967 1016 ultimam
983 956 1083 1035 posuit
1097 955 1252 1035 apostolus

154 1064 232 1127 inter
265 1065 362 1128 cilicia
394 1072 582 1146 sanctorum,
615 1072 645 1128 et
677 1066 753 1128 hanc
788 1067 897 1147 ipsam,
930 1073 962 1130 ut
994 1066 1120 1130 docendi
1154 1067 1252 1131 studio

154 1180 267 1260 possim
291 1179 416 1242 discere.
457 1180 538 1243 Unus
562 1181 640 1242 enirn
662 1198 754 1243 verus
777 1181 920 1262 magister
943 1188 997 1260 est,
1023 1183 1073 1262 qui
1093 1181 1176 1244 solus
1191 1199 1252 1243 non

157 1291 257 1355 didicit
280 1292 360 1373 quod
386 1311 489 1356 omnes
513 1292 637 1357 doceret
644 1315 653 1372 3
676 1293 812 1356 homines
829 1298 925 1356 autem
943 1293 1059 1358 discunt
1073 1296 1155 1377 prius
1172 1294 1252 1376 quod

156 1405 293 1486 doceant,
316 1413 346 1469 et
368 1408 404 1470 ab
428 1407 478 1470 illo
502 1408 651 1489 accipiunt
673 1408 752 1490 quod
777 1409 841 1470 aliis
865 1409 989 1471 tradant.

243 1518 272 1583 4.
312 1522 398 1596 Quod
421 1542 459 1585 ne
483 1525 577 1604 ipsum
602 1522 720 1602 quidem
738 1522 808 1583 mihi
824 1522 936 1585 accidit.
974 1523 1039 1606 Ego
1057 1525 1134 1586 enim
1150 1531 1253 1606 raptus

155 1636 193 1699 de
216 1637 408 1700 tribunalibus
439 1643 527 1718 atque
557 1636 819 1701 administrationis
849 1637 948 1701 inlulis
978 1637 1015 1701 ad
1043 1639 1252 1717 sacerdotium,

156 1749 267 1813 docere
296 1767 351 1814 vos
383 1753 470 1832 coepi
498 1750 578 1833 quod
607 1751 672 1833 ipse
701 1769 762 1814 non
794 1750 889 1814 didici.
935 1752 1036 1832 ltaque
1065 1751 1252 1832 factumest,

154 1868 186 1927 ut
207 1865 290 1946 prius
314 1864 426 1927 docere
447 1865 629 1946 inciperem,
663 1883 750 1946 quam
781 1864 907 1928 discere.
953 1864 1131 1928 Discendum
1162 1867 1252 1948 igitur

154 1975 225 2040 mihi
247 1977 333 2039 simul
357 1982 386 2039 et
408 1976 576 2041 docendum
596 1984 651 2057 est,
674 1978 814 2059 quoniam
829 1996 890 2041 non
907 1981 1025 2043 vacavit
1039 1986 1107 2042 ante
1123 1978 1251 2042 discere.

161 2298 185 2343 a
581 2248 752 2315 caron
785 2253 826 2317 n.

156 2413 287 2483 Hnltiplex
304 2413 434 2482 loquendo
453 2415 546 2466 incurri
564 2415 713 2483 periculum,
735 2419 806 2469 cuius
822 2416 962 2469 remedium
974 2417 1098 2484 scriptura
1112 2416 1137 2466 in
1149 2415 1250 2466 silentio

517 2501 673 2556 demonstrat
691 2521 749 2558 esse
766 2507 883 2573 positum.

243 2663 272 2729 5.
319 2662 394 2738 Ouid
429 2669 525 2725 autem
560 2682 632 2745 prae
665 2666 773 2728 ceteris
810 2665 952 2728 debemus
991 2664 1125 2743 discere,
1163 2683 1250 2745 quam

157 2787 276 2859 tacere,
305 2785 336 2842 ut
358 2778 507 2861 possimus
529 2779 629 2861 loqui,
650 2746 796 2861 &prius
818 2797 866 2842 me
888 2798 949 2842 vox
972 2770 1152 2842 condemnet
1173 2797 1249 2858 mea,

157 2912 244 2976 quam
267 2892 402 2956 absolvat
423 2892 544 2956 aliena?
583 2893 729 2975 Scriptum
753 2900 798 2957 est
821 2894 915 2956 enim:
936 2890 964 2976 ¹)
987 2892 1039 2955 Ee
1060 2892 1164 2954 cerdis
1187 2895 1250 2954 tuis

156 3007 421 3070 condemnaberis.
467 3006 544 3082 Quid
568 3026 642 3089 opus
667 3014 713 3071 est
733 3009 839 3091 igitur,
864 3014 897 3070 ut
918 3024 1064 3088 properes
1088 3006 1250 3088 periculum

156 3122 309 3204 suscipere
339 3119 592 3184 condemnationis
622 3119 791 3201 loquendo,
822 3138 888 3182 cum
911 3117 1036 3182 tacendo
1058 3119 1158 3200 possis
1181 3135 1251 3181 esse

155 3232 270 3296 tutior?
307 3232 473 3314 Conplures
489 3231 548 3293 vidi
566 3232 718 3313 loquendo
734 3239 888 3312 peccatum
903 3231 1053 3312 incidisse,
1078 3233 1128 3295 vix
1143 3251 1250 3315 quem-

156 3365 243 3429 quam
266 3345 402 3427 tacendo,
425 3345 554 3428 ideoque
577 3353 678 3410 tacere
701 3365 803 3426 nosse,
827 3366 913 3429 quarn
932 3346 1015 3428 loqui
1030 3345 1178 3410 dillioilius
1194 3353 1250 3410 est

156 3457 225 3524 Scio
248 3458 330 3540 loqui
352 3459 525 3541 plerosque,
548 3476 614 3521 cum
638 3466 739 3522 tacere
761 3461 904 3522 nesciant.
948 3459 1058 3523 Rarum
1080 3467 1126 3523 est
1149 3467 1251 3523 tacere

155 3591 343 3654 quemquam,
372 3592 438 3637 cum
460 3575 517 3636 sibi
539 3575 621 3655 loqui
644 3575 714 3637 nihil
737 3575 839 3657 prosit.
885 3575 1009 3657 Sapiens
1033 3581 1079 3637 est
1102 3560 1177 3658 ergo
1200 3576 1251 3656 qui

155 3689 238 3751 novit
261 3695 369 3751 meere.
415 3689 551 3770 Denique
572 3690 716 3770 sapientia
745 3688 793 3752 dei
820 3689 910 3752 dixit:
927 3687 959 3771 ²)
992 3690 1145 3752 Dominus
1166 3689 1254 3751 dedit

155 3803 231 3864 midi
254 3803 391 3884 linquam
413 3803 609 3880 eruditionis,
633 3804 760 3883 qnando
785 3810 928 3883 oporteat
948 3823 1121 3867 sermonem
1136 3803 1251 3866 dicere.

156 3915 262 3980 Merito
286 3933 360 3998 ergo
383 3917 502 3999 sapiens
526 3918 576 3999 qui
606 3937 623 3980 a
654 3916 774 3980 domino
803 3918 909 3998 accipit
940 3935 1000 3999 quo
1030 3924 1164 4000 tempore
1194 3918 1252 3982 sibi

228 4159 255 4227 1)
274 4159 359 4214 lton
378 4158 420 4228 12,
438 4159 480 4213 3⁷.
552 4159 582 4226 2)
599 4158 685 4216 Bessi.
704 4159 748 4229 50,
765 4159 791 4213 ⁴.
