2692 4666
120 366 141 431 0
629 359 708 417 um

121 524 280 586 eredentes
309 523 339 585 in
369 523 490 586 nomine
521 539 597 584 meo.
618 517 646 604 ¹]
692 521 780 596 Quod
810 529 909 584 tamen
937 522 1054 605 signum
1085 523 1218 585 sanitatis

121 645 153 700 ut
175 637 308 700 mirabile
332 636 394 716 luit,
418 637 457 699 ita
480 637 566 698 etiam
589 654 646 698 nee
671 637 836 710 occultum;
859 655 928 699 nam
951 655 1009 718 ego
1032 636 1140 699 hocin
1162 655 1218 699 ea-

122 750 189 813 dem
220 753 347 833 regione
378 755 447 831 post
477 767 571 812 annos
602 750 744 831 plurimos
775 752 885 813 sanctis
915 751 987 812 viris
1018 750 1219 813 referentibus

122 866 235 947 positus
259 866 289 927 in
312 865 392 927 Urbe
415 864 554 945 cognovi.

211 977 259 1043 11.
306 978 442 1043 Sirmium
464 996 539 1039 vero
564 995 630 1040 cum
653 977 690 1040 ad
713 976 906 1041 ordinandum
937 977 1109 1059 episcopum
1131 977 1219 1040 Ane-

121 1092 210 1154 mium
233 1090 418 1171 perrexisset
441 1090 541 1170 ibique
560 1089 688 1152 lustinus
705 1096 774 1152 tunc
790 1091 931 1171 temporis
946 1091 1071 1171 reginae
1086 1093 1219 1172 potentia

123 1213 153 1268 et
175 1203 359 1267 multitudine
382 1202 566 1266 coadnunata
590 1202 627 1264 de
657 1202 785 1266 ecclesia
816 1202 995 1284 pelleretur,
1030 1211 1062 1266 ut
1092 1223 1152 1269 non
1183 1207 1220 1267 ab

122 1318 207 1399 ipso,
239 1315 294 1378 sed
317 1317 352 1377 ab
377 1315 535 1376 haereticis
558 1314 687 1377 Arianus
712 1315 872 1396 episcopus
900 1317 931 1378 in
960 1317 1064 1380 eadem
1093 1319 1221 1382 ecclesia

124 1429 314 1494 ordinaretur
333 1435 475 1509 essetque
490 1429 667 1492 constitutus
683 1431 714 1491 in
730 1430 877 1510 tribunali,
893 1431 965 1494 nihil
981 1451 1088 1496 curans
1105 1452 1220 1515 eorum,

124 1562 201 1626 quae
231 1562 248 1605 a
277 1543 402 1605 muliere
433 1543 659 1622 excitabantur,
686 1562 746 1606 una
777 1543 815 1605 de
844 1545 1011 1626 virginibus
1041 1545 1221 1610 Arianorum

124 1657 313 1740 inpudentior
329 1658 437 1719 ceteris
456 1657 582 1719 tribunal
605 1658 812 1720 conscendens
835 1658 1024 1740 adprehenso
1040 1660 1221 1723 vestimento

117 1771 290 1835 sacerdotis
314 1789 380 1834 cum
402 1771 480 1834 illum
504 1772 653 1834 attrahere
676 1772 766 1835 vellet
790 1772 826 1834 ad
849 1779 961 1854 partem
985 1772 1157 1853 mulierum,
1190 1779 1223 1837 ut

125 1887 161 1948 ab
185 1886 256 1967 ipsis
280 1903 386 1948 caesus
411 1883 599 1946 deecclesia
623 1884 799 1965 pelleretur,
823 1883 949 1962 audivit,
972 1891 1003 1946 ut
1026 1886 1091 1965 ipse
1114 1886 1222 1949 solitus

126 2006 189 2063 erat
210 1999 344 2076 referre:
367 1999 437 2061 Etsi
460 2019 516 2080 epo
539 2000 689 2080 iudipnus
712 2007 797 2062 tauto
819 2000 999 2061 sacerdotio
1016 2018 1093 2075 sum,
1119 2006 1223 2060 tumen

127 2122 154 2176 te
184 2133 248 2176 nou
277 2114 423 2177 conuenit
450 2114 500 2174 cel
524 2114 757 2194 professionem
790 2122 873 2175 tuam
905 2115 940 2174 iu
974 2114 1223 2194 qualemcumque

125 2229 319 2290 sacerdotem
341 2246 452 2288 munus
475 2227 591 2288 dulcere
598 2247 610 2300 ;
637 2228 720 2288 uude
744 2226 836 2289 debes
858 2229 961 2288 uereri
984 2227 1035 2288 dei
1059 2228 1222 2305 iudicium,

126 2362 165 2405 ne
188 2341 244 2404 tibi
267 2341 389 2421 aliquid
412 2342 543 2403 eueniat.
590 2341 677 2415 Quod
694 2343 802 2404 dictum
818 2343 915 2404 exitus
931 2342 1132 2418 confirmavit3
1156 2361 1224 2406 nam

127 2457 185 2519 alio
210 2455 257 2518 die
279 2461 424 2518 mortuam
446 2455 483 2516 ad
514 2456 703 2537 sepulchrum
733 2474 829 2537 usque
861 2454 984 2518 deduxit
1013 2457 1137 2539 gratiam
1168 2475 1223 2538 pro

127 2571 305 2633 contumelia
328 2572 506 2652 rependens.
551 2571 589 2634 Et
616 2572 675 2637 boc
703 2571 812 2635 lactum
839 2589 900 2634 non
923 2571 1020 2634 levem
1043 2572 1224 2635 adversariis

127 2686 251 2748 incussit
273 2692 380 2748 metum
404 2705 567 2768 pacemque
590 2705 727 2771 magnam
751 2687 897 2749 ecclesiae
921 2685 1083 2748 catholicae
1112 2687 1143 2749 in
1170 2705 1225 2749 or-

129 2797 257 2861 dinando
281 2801 424 2881 episcopo
448 2801 556 2862 tribuit.

218 2914 265 2980 12.
311 2915 454 2978 Ordinato
477 2916 577 2996 itaque
601 2915 747 2978 catholico
770 2915 928 2978 sacerdote
948 2912 1148 2977 Mediolanum
1170 2932 1226 2976 re-

128 3031 253 3092 vertitur
276 3030 375 3112 ibique
398 3050 488 3113 supra
513 3032 608 3093 dictae
624 3033 752 3095 Iustinae
768 3033 899 3094 mulieris
915 3033 1086 3094 innumeras
1102 3029 1227 3093 insidias

129 3147 282 3225 sustinuit,
315 3165 391 3227 quae
413 3148 585 3209 muneribus
608 3153 697 3227 atque
720 3147 884 3209 honoribus
914 3145 1060 3208 adversus
1093 3150 1227 3207 sanctum

128 3260 223 3322 virum
253 3261 357 3324 oblatis
385 3262 524 3343 populum
557 3262 713 3323 excitabat.
759 3258 818 3324 Sed
850 3259 1031 3323 intirmorum
1062 3259 1150 3320 animi
1176 3265 1225 3320 ta-

129 3374 205 3437 libus
229 3375 383 3456 promissis
407 3375 645 3456 decipiebantur;
678 3375 866 3456 promittebat
895 3375 973 3436 enim
1003 3374 1168 3435 tribunatus
1199 3379 1229 3435 et

131 3489 266 3552 diversas
290 3488 362 3552 alias
386 3490 542 3572 dignitates
565 3491 619 3568 iis,
651 3490 701 3570 qui
729 3489 811 3551 illum
838 3489 876 3551 de
900 3489 1028 3551 ecclesia
1052 3493 1168 3567 raptum
1192 3487 1229 3550 ad

131 3603 267 3667 exsilium
290 3603 508 3685 perduxissent.
555 3603 640 3679 Quod
665 3622 730 3666 cum
754 3604 835 3664 multi
859 3607 1058 3679 conarentur,
1089 3600 1144 3662 sed
1168 3601 1227 3664 deo

131 3717 269 3799 praesule
293 3718 438 3798 perficere
461 3737 521 3781 non
546 3718 697 3796 valerent,
729 3735 806 3780 unus
829 3716 976 3779 infelicior
1006 3716 1134 3794 ceteris,
1168 3735 1228 3778 no·
1257 3712 1261 3718 ’

131 3833 210 3893 mine
226 3832 410 3915 Euthymios,
434 3839 513 3895 tanto
537 3832 639 3896 lurore
664 3832 809 3894 excitatus
833 3838 888 3909 est,
912 3836 943 3893 ut
967 3831 1048 3891 iuxta
1068 3830 1227 3892 ecclesiam

133 3945 189 4007 sibi
212 3945 329 4009 domum
352 3954 472 4028 pararet
495 3955 583 4037 atque
605 3948 635 4018 in
659 3946 761 4016 eadem
785 3963 901 4013 carrum
925 3944 1135 4022 constitueret,
1168 3963 1227 4034 quo

174 4128 182 4147 Ι
205 4187 232 4259 1)
250 4187 337 4244 Ioann.
357 4189 399 4258 14,
421 4190 459 4248 12.
