2692 4666
121 344 186 411 366
540 335 795 392 sunorsuorrss

122 506 181 556 dua.
200 519 256 571 erp.
275 500 455 569 didrapmaia,
484 497 588 566 dibcdfg
612 498 732 551 exhibent
757 508 823 554 oeai.
848 509 872 555 ei
896 502 1015 570 repniam
1034 520 1095 555 arar.
1115 512 1140 556 ei
1158 503 1209 555 dae.

122 610 178 660 erp.
199 591 376 657 didrapmata,
407 585 488 637 Bnbc:
515 597 581 640 oeei.
602 606 660 640 aur.
681 598 704 642 et
722 591 780 643 dua.
801 607 856 659 erp.
877 592 1013 659 didrapma
1036 588 1212 659 (didraprnata

122 677 173 741 Bb)
194 686 217 729 ei
235 679 297 746 iiap.
318 694 376 728 aar.
396 675 555 743 eundemque
573 674 709 727 verborum
729 676 843 728 ordinem
863 693 974 746 sequeus
993 678 1034 730 ed.
1055 676 1124 728 iied.
1145 677 1212 726 offert

122 771 285 836 didrapmaia
303 779 411 832 moxque
430 766 556 834 reperiam.
594 761 656 816 Cum
677 774 762 816 nostro
781 772 851 817 textu
870 768 989 818 convenit
1006 764 1138 832 exemplar
1154 762 1211 824 Coi,

42 891 51 912 2
122 856 165 906 ubi
192 863 276 904 tunreu
301 851 367 902 mate
391 859 430 902 est
453 855 625 921 didrapmata.
671 855 858 906 Didrarbmata
884 861 956 904 recte
982 853 1076 921 legitur
1104 855 1130 902 iu
1157 851 1210 901 edd.

121 941 224 994 Amerb.
246 949 271 991 et
289 939 480 1007 posterioribus.
518 939 582 990 Dein
601 935 704 991 Amerb.
723 956 858 1007 perperam
877 941 1067 1021 babetiieeam
1094 956 1142 1006 pro
1159 941 1212 991 iia-

122 1048 215 1101 peaam‚
240 1028 308 1097 quod
327 1030 421 1095 primus
440 1028 548 1078 restituit
565 1026 694 1079 Erasmus.

193 1129 216 1192 §.
233 1125 328 1186 130,1.
348 1124 432 1193 ipris]
450 1123 487 1175 lta
506 1124 580 1176 codd.
601 1132 627 1175 et
645 1124 703 1176 edd.
724 1141 812 1177 omues
832 1127 946 1193 exeeptis
958 1125 1034 1176 Maur.
1051 1133 1129 1194 etque
1143 1124 1213 1187 Giib,

122 1217 146 1267 iu
166 1213 256 1283 quibus
275 1219 356 1263 exstat
374 1216 471 1282 ipsine.
507 1211 531 1262 3.
552 1216 598 1266 iem
615 1217 657 1267 dei
674 1213 705 1263 W
724 1222 750 1282 et
768 1214 879 1266 Monaee.
902 1230 951 1265 una
972 1231 1028 1266 cum
1050 1215 1092 1265 ed.
1113 1213 1212 1265 Amerb.

123 1303 267 1370 ceterisque
286 1309 345 1350 ente
367 1299 444 1352 Maur.
483 1297 538 1352 Οιιι.
565 1300 598 1368 gi.
624 1305 666 1355 dei
688 1301 759 1353 Babc
782 1311 806 1354 et
832 1302 983 1370 exemplaria
1009 1301 1062 1353 Coi.
1090 1317 1122 1352 ne
1141 1301 1213 1363 died,

123 1394 182 1443 item
202 1389 279 1440 biaur.
300 1395 325 1439 ei
344 1385 408 1437 Giib.
445 1385 506 1438 Tum
526 1390 608 1441 diiaia
627 1387 658 1439 W
677 1395 703 1439 et
723 1405 762 1456 pr.
783 1388 830 1442 tta.
867 1389 913 1441 Hic
936 1397 1020 1440 tamen
1045 1405 1059 1440 e
1081 1405 1148 1440 corr.
1168 1391 1213 1441 de-

123 1484 191 1543 iaia,
219 1486 247 1529 ut
265 1476 342 1526 Maur.
361 1484 387 1526 et
406 1473 470 1527 Gilb.
508 1480 576 1529 Data
600 1475 695 1528 hebent
713 1475 752 1528 Bb
777 1485 930 1545 veteresque
954 1476 1013 1528 edd.
1033 1494 1055 1528 e.
1075 1476 1173 1527 Erasm.
1191 1484 1214 1525 et

123 1564 231 1628 Piston,
253 1567 313 1617 data
330 1572 371 1616 eet
388 1565 431 1616 vai
449 1565 534 1615 deiata
551 1572 592 1616 eat
610 1561 714 1631 iibcdg‚
733 1568 786 1617 iata
803 1575 844 1617 eat
862 1563 1000 1626 Certemus,
1020 1579 1096 1632 quem
1115 1571 1214 1614 secutus

123 1663 163 1708 est
182 1655 263 1704 editor
281 1651 415 1702 Romanus.
452 1650 480 1700 lu
498 1666 569 1719 seqq.
589 1654 672 1705 Baiae
695 1660 765 1703 recto
790 1651 859 1703 solus
876 1651 913 1702 Mt
929 1667 950 1703 c.
972 1650 1028 1702 cdd.
1048 1650 1151 1702 Annenb.
1171 1666 1214 1700 ce-

124 1743 237 1808 terisque
256 1739 392 1790 biauriuam
412 1737 640 1804 antecedentibus,
665 1743 765 1793 Baiano
783 1740 822 1791 W.
842 1739 881 1790 tta
900 1748 926 1790 et
944 1738 1052 1791 fortasse
1072 1741 1149 1789 etiam
1168 1738 1215 1800 bie,

123 1830 149 1881 in
174 1844 223 1896 quo
248 1826 313 1877 libro
338 1826 409 1877 buius
435 1828 542 1878 nominis
566 1827 699 1879 initinm‘u
718 1827 864 1896 bibiiopego
884 1829 1002 1895 imperito
1022 1827 1150 1879 abscisum
1170 1834 1213 1878 est.

123 1916 236 1968 Eandem
256 1916 405 1981 scripturam
424 1916 507 1981 reperi
527 1916 602 1966 etiem
622 1917 647 1966 iu
666 1915 707 1967 ed.
728 1913 799 1980 Cot,
819 1918 919 1968 Buiaeb
938 1915 998 1967 daut
1017 1913 1066 1964 Md.
1088 1913 1141 1966 Bab
1161 1922 1216 1966 ete

124 2022 189 2059 corr.
209 2003 244 2054 Be
264 2002 473 2070 adstipulantibus
498 2004 556 2054 edd.
577 2003 654 2055 Maur.
676 2011 751 2072 eique
771 2003 851 2067 ditm,
877 1996 993 2056 Bariaacb
1013 2002 1095 2069 Mbcg·
1109 2011 1133 2053 et
1152 2017 1167 2052 e
1186 2019 1215 2053 m.

124 2111 162 2163 pr.
182 2092 218 2144 Bc
243 2107 292 2142 una
318 2107 373 2142 cum
400 2089 440 2140 ed.
462 2088 527 2140 died.
564 2088 625 2140 Tum
644 2093 754 2143 Balaam
780 2107 793 2140 e
818 2106 850 2141 m.
878 2106 915 2157 pr.
943 2090 1062 2140 omissum
1087 2106 1155 2156 supr.
1174 2090 1215 2140 liu.

125 2183 235 2233 additum
255 2188 294 2232 est
311 2180 336 2230 iu
355 2177 403 2229 tta.
450 2178 473 2227 4.
499 2181 620 2246 temptari
642 2179 814 2245 praebuerunt
838 2177 913 2229 codd.
938 2193 1042 2240 omnes,
1071 2177 1216 2244 quibuscum

125 2269 281 2319 concordent
307 2268 365 2318 edd.
386 2265 440 2318 Col.
460 2275 486 2316 et
503 2265 623 2330 Amerb.‚
650 2271 745 2320 tentari
762 2265 860 2318 Erssm.
880 2275 906 2317 et
924 2272 1068 2334 sequentes.
1107 2264 1174 2315 Ante
1195 2276 1217 2317 et

124 2365 230 2424 ponatur
249 2371 354 2407 comma.
392 2354 416 2404 5.
436 2357 566 2407 abstinere
584 2357 722 2420 ieeeiaeet,
743 2355 810 2423 quod
828 2353 932 2405 Macrini
952 2370 984 2404 ex
1002 2350 1218 2403 cod.÷Fuiiucensi

123 2452 278 2511 receperunt
298 2448 384 2504 (autes
404 2445 471 2494 euim
489 2458 624 2509 perperam
642 2441 775 2510 legebatur
794 2447 860 2496 aboi.
880 2445 1023 2509 vetuisset,
1046 2441 1124 2509 idque
1143 2442 1216 2491 inve·

53 2527 61 2548 ⁸
124 2533 190 2584 nitur
208 2533 283 2583 etiam
302 2533 328 2582 iu
348 2530 439 2598 babo),
462 2531 566 2599 egregie
585 2531 733 2581 confirment
750 2530 807 2581 iibri
826 2529 857 2579 W
877 2538 903 2580 et
921 2530 1034 2581 Menace.
1072 2531 1097 2578 6.
1119 2526 1217 2593 dabar]

123 2618 222 2670 Eodem
243 2619 335 2682 modo,
355 2625 382 2669 ut
399 2621 423 2682 §.
442 2617 501 2669 129.
521 2634 545 2684 p.
567 2619 632 2682 165,
651 2616 691 2682 8.‚
716 2620 813 2670 variant
832 2617 855 2669 b.
875 2617 891 2669 Ι.
910 2625 936 2668 et
954 2617 1029 2668 codd.
1051 2625 1076 2668 et
1096 2616 1173 2681 edd,
1198 2616 1218 2666 si

125 2710 244 2775 excipias
256 2706 487 2770 Medioien'ensem‚
514 2705 558 2756 ubi
576 2713 656 2758 exstat
674 2710 766 2760 acbaa.
810 2705 835 2756 7.
851 2709 951 2778 plebem
967 2716 1072 2773 patrum
1091 2703 1217 2771 bibcdeig.

124 2795 160 2846 lta
186 2796 216 2846 ab
242 2812 261 2847 r.
287 2813 317 2846 m.
343 2796 418 2846 etiarn
444 2793 483 2844 tta
510 2793 595 2845 dcieta
619 2808 683 2844 voce
706 2803 852 2860 parentam.
897 2793 922 2845 7.
946 2799 1039 2848 iberiae
1063 2796 1152 2861 itaque
1170 2791 1219 2853 bib,

123 2887 218 2938 ibesne
237 2884 312 2934 etiam
331 2881 431 2950 Mcdig,
449 2885 541 2936 bicone
561 2880 599 2931 Me
619 2889 644 2932 et
663 2879 712 2945 Be,
732 2884 809 2935 bieaet
828 2881 869 2947 W,
887 2885 947 2936 iesu
965 2880 1018 2946 Bb,
1042 2885 1120 2934 ieras
1140 2879 1177 2930 Be
1195 2886 1219 2930 et

125 2968 180 3034 Me,
192 2979 232 3020 *ut
250 2970 318 3038 vulg.
353 2972 377 3021 9.
398 2973 440 3024 eoi
459 2985 491 3019 m.
504 2985 550 3039 pr.
570 2969 653 3019 omisit
672 2970 697 3018 iu
716 2966 762 3020 bb.
801 2968 843 3021 10.
861 2973 923 3040 fecii
940 2974 1033 3022 triesas
1051 2967 1101 3034 W,
1126 2972 1219 3022 trieres

124 3058 182 3108 item
202 3057 255 3122 bie,
273 3062 367 3112 ibearee
387 3057 426 3108 dle
446 3074 467 3107 c.
489 3058 529 3108 ed.
550 3055 621 3122 eut,
645 3060 723 3111 iesus
743 3062 853 3128 confecit
871 3056 998 3124 exemplar
1018 3055 1102 3120 Med,
1126 3060 1219 3109 iberas

124 3161 192 3197 naue
211 3143 311 3214 Mbcdg.
342 3143 457 3197 Proxime
476 3163 556 3215 paene
569 3145 600 3195 W
619 3154 644 3196 et
657 3144 702 3209 Be,
720 3163 800 3213 pocae
813 3143 852 3196 bia
870 3161 892 3196 e.
907 3143 951 3208 bc,
968 3161 1033 3213 pene
1051 3143 1130 3194 codd.
1151 3142 1218 3205 reli,

124 3240 152 3283 ut
176 3233 237 3284 editi
260 3233 325 3284 libri.
363 3233 474 3285 Praetuli
498 3235 647 3301 scripturam
670 3250 767 3301 paene,
797 3231 829 3282 de
853 3248 901 3300 qua
921 3231 972 3283 vid.
994 3235 1094 3286 tisana.
1114 3231 1146 3282 ed
1166 3228 1218 3281 Cic.

125 3320 158 3372 de
176 3337 205 3373 re
223 3322 292 3389 publ.
312 3338 336 3389 p.
357 3320 414 3374 19³.

194 3419 220 3482 §.
240 3417 297 3482 131,
318 3418 341 3468 1.
361 3436 471 3472 eanraoa
489 3421 606 3472 emnium
624 3416 664 3468 W.
701 3416 782 3468 Recto
800 3419 934 3485 Sampson
952 3433 1016 3468 unus
1036 3416 1087 3486 big,
1106 3436 1217 3486 canace,

28 3538 31 3547 -
125 3512 152 3555 ut
171 3505 211 3555 ed.
229 3504 304 3570 Med,
323 3522 338 3557 a
358 3521 390 3558 m.
409 3521 447 3573 pr.
467 3505 517 3570 tta,
536 3504 567 3556 ab
587 3521 607 3556 r.
626 3523 737 3560 samson
756 3520 777 3556 c.
797 3505 889 3555 ceteris
907 3504 976 3556 libris
996 3507 1095 3573 scriptis
1115 3514 1140 3557 et
1160 3506 1217 3558 vul-

125 3611 198 3679 gatis.
235 3609 296 3662 Turn
320 3587 400 3664 rtatim
425 3613 550 3664 dedaiiiae
575 3608 642 3676 (sic,
671 3610 760 3678 partic.
779 3626 811 3663 rte
836 3608 867 3660 ab
892 3626 911 3661 r.
930 3626 963 3661 m.
984 3610 1160 3679 superaddita)
1180 3610 1218 3666 W.

126 3737 238 3789 diadiiac
258 3732 315 3799 ub,
339 3736 442 3787 dalidue
460 3731 509 3796 111,
534 3691 631 3817 deiairde
648 3719 770 3818 mulieri}
783 3730 827 3782 Bc.
864 3730 982 3783 Ceterum
995 3732 1049 3784 bb:
1068 3706 1139 3800 'Quid
1156 3740 1218 3804 fori.

127 3856 194 3891 omn.
214 3841 344 3893 samsoni
378 3842 469 3892 Nersae
488 3867 518 3876 -
539 3866 570 3876 -
590 3839 878 3893 acemanecestriae?
921 3835 944 3886 3.
964 3842 1063 3892 iconem
1081 3839 1114 3890 ab
1133 3839 1167 3890 si.
1187 3857 1218 3893 m.

126 3924 204 3978 habet
222 3925 264 3978 be.
302 3926 367 3978 Male
392 3930 523 3995 decerpsit
547 3926 612 3979 bled.
647 3926 711 3977 Dein
735 3930 802 3980 seia·
821 3941 870 3976 om.
897 3923 965 3990 nbc,
992 3927 1051 3977 item
1078 3928 1137 3981 edd.
1164 3927 1219 3981 Coi.

28 4043 31 4047 ’
127 4022 153 4066 ei
171 4014 236 4065 bled.
274 4013 331 4066 Mox
355 4019 493 4068 aiieraienia
512 4013 566 4080 bb,
592 4018 688 4068 alienia
707 4012 743 4065 Ba
769 4022 795 4064 et
816 4013 914 4081 bibcdg.
958 4014 983 4064 t.
1002 4017 1154 4070 dissolutae
1173 4015 1218 4070 ssb.

65 4155 67 4161 ,
127 4100 153 4153 5.
177 4104 294 4156 intextae
318 4100 386 4153 solus
412 4103 446 4154 Bh
472 4103 649 4171 editionesque
674 4116 778 4167 omnes,
805 4104 826 4156 si
852 4103 963 4170 excipies
984 4103 1218 4168 Amerbaebisnem‚

127 4186 154 4240 iu
173 4202 237 4255 qua,
264 4196 293 4240 ut
310 4189 336 4240 in
354 4191 447 4244 ceteris
465 4189 557 4256 codd,
582 4189 676 4259 legitur
691 4194 812 4246 intentis.
859 4189 884 4242 6.
902 4193 1019 4262 dirrupit
1036 4194 1133 4260 optime
1151 4193 1218 4244 anti·
