2692 4666
365 318 413 374 DE
431 317 567 374 olricus
585 316 809 375 mundaum
827 320 925 376 tisun
945 320 976 376 11.
1161 320 1224 387 153

122 478 327 544 consulentes.
371 479 438 543 Alia
461 486 531 545 suut
552 481 631 544 enim
653 497 730 559 quae
752 479 907 563 lugiuntm
913 503 923 560 3
946 480 1018 561 alia,
1042 497 1120 562 quae
1147 497 1225 543 con-

121 597 302 657 temnuntur.
346 592 489 677 Fugimus
512 610 567 674 ea,
600 610 678 674 quae
710 599 836 674 possunt
866 612 996 672 nocere,
1031 610 1109 673 quae
1137 590 1225 654 mali-

122 705 201 767 tiose
231 678 361 787 poclum
390 707 420 770 iu
449 725 559 770 noxam
593 723 738 786 serpere,
771 711 802 768 ut
835 707 860 768 si
891 708 932 786 is,
966 707 1017 786 qui
1049 702 1224 784 consulitur,

122 815 212 879 dubia
233 818 273 880 sit
294 817 353 881 bde
377 826 408 881 et
429 817 575 899 pecuniae
598 814 720 896 avidus,
750 802 788 878 ul
803 818 900 898 possit
920 816 1018 898 pretio
1041 816 1166 894 mutari;
1200 816 1226 878 si

121 929 304 1009 iniuriosus,
334 930 383 993 bic
412 929 524 1013 fugitur
553 946 590 993 ao
618 928 790 991 declinatur.
836 929 893 1002 Oui
924 946 999 992 vero
1030 928 1226 1008 voluptarius,

123 1042 344 1122 intemperans,
377 1041 433 1104 etsi
455 1042 571 1104 alienus
593 1056 611 1102 a
634 1039 754 1119 fraude,
782 1045 878 1102 lamen
907 1057 1016 1102 avarus
1038 1046 1068 1103 et
1091 1039 1228 1120 cupidior

124 1153 204 1216 lucri
227 1155 332 1235 turpis,
355 1153 404 1216 hie
423 1154 630 1216 contemnitur.
668 1152 756 1225 Quod
779 1154 856 1215 euim
880 1153 1031 1234 specimen
1054 1152 1228 1230 industriae,

124 1284 213 1347 quem
236 1263 366 1328 fructum
382 1265 493 1328 laboris
509 1263 603 1329 edere
618 1270 728 1346 potest,
751 1283 839 1344 quam
858 1265 996 1345 recipere
1012 1266 1109 1327 anime
1126 1282 1227 1327 curam

125 1393 162 1438 ac
184 1374 432 1455 sollicitudiuem,
455 1375 563 1454 quise
586 1374 701 1455 torpori
725 1372 840 1436 dederit
863 1381 951 1454 alque
975 1376 1140 1459 ignaviae?

213 1485 265 1552 89.
309 1488 380 1551 ldeo
403 1487 475 1550 boni
492 1485 538 1549 vir
558 1486 675 1549 consilii
698 1484 783 1547 dicit:
805 1483 833 1568 ¹)
857 1486 924 1566 Epo
947 1492 1049 1549 uatem
1072 1486 1230 1549 didici-ia

125 1602 239 1683 quibas
261 1620 330 1664 sum
351 1599 515 1680 sufficiens
537 1618 615 1662 cese.
659 1598 779 1664 Sciebat
809 1599 887 1661 euim
918 1599 1052 1662 omnium
1082 1598 1229 1662 malorum

126 1713 260 1779 radicem
282 1731 353 1777 esso
375 1713 537 1791 avaritiam,
553 1709 586 1794 ²)
610 1717 641 1774 et
655 1710 724 1774 ideo
747 1727 803 1801 suo
827 1718 983 1774 contentus
1006 1718 1080 1790 erat,
1102 1711 1230 1775 alienum

129 1844 190 1890 nou
205 1826 387 1907 requirebat.
422 1824 498 1890 Satis
514 1823 584 1886 mibi
600 1829 655 1903 est,
678 1823 781 1904 inquit,
805 1823 885 1904 quod
900 1823 1014 1900 habeo;
1036 1825 1102 1886 sive
1117 1841 1230 1905 parum,

127 1940 193 2002 sive
216 1938 373 2019 plurimum
396 1938 530 2018 habeam,
552 1936 624 1998 mihi
645 1936 803 2017 plurimum
823 1942 879 1998 est.
916 1936 1098 2016 Expressius
1121 1933 1230 2015 aliquid

128 2049 287 2114 dicendum
310 2049 436 2112 videtur.
482 2048 606 2132 Signata
630 2047 722 2109 verbo
745 2065 818 2109 usus
842 2054 906 2108 est:
931 2047 1047 2119 Sullieit
1068 2048 1156 2125 mibi,
1179 2047 1229 2108 ia-

128 2164 209 2243 quit,
241 2165 272 2225 in
295 2180 356 2242 quo
378 2179 459 2241 sum,
493 2160 607 2224 idest:
640 2178 698 2223 uec
730 2158 832 2240 deest,
865 2179 921 2221 nee
952 2160 1115 2241 superfluit.
1160 2160 1229 2222 Non

129 2275 232 2354 deest,
263 2274 332 2354 qnia
355 2274 427 2336 nibil
456 2290 570 2353 quaero
602 2273 745 2354 amplius3
775 2290 837 2336 non
867 2273 1039 2354 superfluit,
1070 2275 1138 2354 quia
1170 2290 1231 2336 uon

129 2386 226 2450 solum
249 2385 319 2449 mibi
341 2385 457 2466 babeo,
480 2386 533 2449 sed
556 2386 700 2467 pluribus.
745 2386 810 2449 lloc
835 2385 873 2448 de
895 2387 1031 2466 pecunia.

216 2497 268 2564 90.
312 2499 451 2562 Ceterum
482 2500 520 2564 de
551 2501 687 2565 omnibns
722 2499 781 2562 dici
813 2489 912 2582 potest
945 2499 1013 2579 quia
1046 2497 1234 2559 sufficiebant

129 2614 170 2676 illi
192 2613 379 2695 praeseutia,
401 2613 460 2675 boe
481 2618 543 2691 est,
565 2630 626 2675 nou
648 2602 795 2676 honorem
815 2613 979 2689 maiorem,
1001 2627 1063 2673 uon
1086 2609 1232 2688 obsequia

129 2727 272 2789 uberiora
295 2724 496 2805 desiderabat,
520 2743 582 2789 uon
604 2725 721 2808 gloriae
743 2722 910 2788 inmodicae
933 2722 1068 2803 cupidus,
1092 2727 1142 2784 aut
1159 2738 1234 2804 gra·

130 2839 200 2900 tiam
221 2837 355 2900 indebite
381 2839 561 2918 quaerebat;
595 2838 651 2901 sed
674 2838 765 2900 debiti
787 2837 876 2900 linem
899 2835 1087 2914 certaminis,
1117 2834 1234 2916 patiens

131 2950 264 3030 laboris,
298 2967 423 3014 securus
454 2950 551 3013 meriti
584 2951 839 3032 praestolabatur:
875 2950 967 3025 Seio,
1001 2948 1113 3029 inquit,
1141 2943 1174 3030 ³)
1207 2954 1239 3009 ct

131 3062 302 3126 bamilioei
346 3064 424 3127 Non,
437 3082 514 3149 ergo
535 3064 655 3127 indocta
683 3063 848 3142 humilitas,
881 3063 936 3125 sed
960 3078 1037 3141 quae
1059 3042 1168 3122 babeat
1189 3059 1236 3121 sui

131 3173 308 3238 modestiam
331 3180 363 3237 el
383 3175 554 3254 seientiam,
581 3175 662 3237 laudi
685 3173 779 3236 datur.
823 3172 877 3236 llst
899 3173 978 3234 euim
999 3172 1145 3239 humilitus
1168 3169 1236 3233 ror-

130 3285 260 3365 midinis,
282 3291 328 3349 est
342 3286 497 3368 inperitiae
512 3292 600 3367 atque
614 3284 818 3368 ignorantiae3
843 3288 874 3345 et
888 3282 956 3345 ideo
973 3280 1119 3362 scriptura
1134 3281 1188 3342 ait:
1202 3276 1241 3370 4)ι

132 3398 175 3461 lli
199 3398 331 3461 lumilas
362 3398 477 3476 spirita
503 3396 651 3460 sulcabit.
695 3394 853 3457 Praeclare
883 3411 959 3475 ergo
990 3394 1080 3455 dixit:
1112 3393 1186 3455 Seio
1209 3400 1240 3455 ct

132 3510 312 3586 humiliori,
336 3510 366 3572 id
388 3517 454 3589 est,
485 3527 545 3590 quo
569 3510 599 3572 in
621 3510 707 3587 loco,
741 3525 799 3587 qua
828 3506 1055 3585 moderatione,
1085 3523 1145 3586 quo
1168 3504 1238 3584 fine,

133 3623 164 3686 in
188 3639 249 3704 quo
272 3620 389 3702 cilicio,
412 3624 443 3685 in
466 3640 527 3703 quo
551 3639 684 3684 munere.
729 3618 863 3683 Nescivit
884 3617 1059 3680 Pharisaeus
1082 3617 1237 3696 humiliari,

135 3734 205 3799 ideo
228 3734 362 3798 deiectus
385 3741 446 3811 est;
470 3735 556 3798 scivit
578 3734 772 3815 publicanus,
795 3730 865 3794 ideo
888 3729 1061 3794 iustificatus
1085 3735 1139 3792 est.

140 3892 343 3905 m

173 3952 319 4068 rimu.
337 3998 365 4066 a,
385 3999 426 4055 11.
488 3997 519 4066 a)
539 3999 562 4051 1.
581 3995 644 4051 mm.
665 3997 692 4066 e,
712 3998 752 4052 10.
820 3997 848 4064 e)
867 3997 930 4052 rur.
948 3996 977 4061 a,
997 3994 1038 4049 12.
1098 3994 1130 4061 a)
1148 3993 1239 4049 raum.

136 4083 180 4152 aa,
202 4083 245 4140 re.
1231 4128 1234 4134 .
