2692 4666
281 372 285 377 .
367 314 412 367 DE
432 312 567 369 ouulcns
586 311 809 379 ltttttsuflofflttt
826 312 922 367 LIBER
940 314 970 369 11.
1152 317 1214 383 143

215 476 265 543 57.
304 479 376 554 Quis
395 476 525 540 Danielis
549 477 702 540 consilium
724 477 886 560 refugeret,
910 477 1030 558 dequo
1055 475 1127 539 deus
1150 475 1215 559 ipse

126 591 217 654 dixit:
236 588 266 675 ¹)
301 592 378 668 (lois
408 592 539 655 Daniele
568 591 766 671 sapientior?
809 589 871 653 Aut
901 590 1050 671 quomodo
1080 592 1214 656 homines

125 706 163 769 de
187 723 291 770 eorum
315 707 449 770 dubitare
469 706 617 769 mentibus
639 712 773 786 possent,
796 705 902 786 quibus
923 706 997 768 deus
1014 712 1120 768 tantam
1136 725 1214 770 con-

124 820 240 884 terebat
262 821 411 904 gratiam?
455 820 553 902 Moysi
583 819 707 882 consilio
737 819 814 882 bella
836 819 1085 897 conficiebantur3
1118 820 1214 904 Moysi

95 940 98 947 '
124 935 237 1000 meritis
260 934 298 997 de
321 935 404 998 eaelo
427 935 574 998 adfluebat
596 936 749 1014 alimonia,
773 942 860 1016 potus
883 954 901 998 e
922 944 1013 1017 petra.

211 1047 265 1115 58.
310 1050 403 1124 Quam
424 1068 517 1132 purus
540 1050 669 1113 Danielis
692 1051 822 1130 animus,
849 1056 882 1113 ut
904 1049 1047 1112 mulceret
1069 1050 1214 1114 barbaros

123 1182 234 1244 mores,
256 1165 403 1249 mitigaret
423 1165 546 1228 leonesl
560 1162 592 1248 ²)
631 1165 714 1239 Quae
736 1165 834 1227 inille
855 1164 1064 1246 temperantia!
1099 1164 1214 1238 Quanta

122 1278 211 1341 animi
234 1284 264 1339 et
286 1278 422 1358 corporis
445 1277 641 1340 continentia!
686 1276 749 1338 Nec
782 1277 917 1339 inmerito
948 1278 1089 1341 mirabilis
1119 1277 1213 1342 lactus

123 1392 270 1470 omnibus,
295 1391 423 1472 quando,
447 1392 528 1472 quod
551 1390 743 1454 vehementer
758 1391 938 1454 admirantur
951 1391 1097 1474 homines,
1119 1412 1213 1478 rega-

121 1504 200 1568 libus
223 1505 314 1568 fultus
336 1507 486 1584 amicitiis,
512 1524 614 1568 aurum
637 1523 698 1568 non
721 1505 899 1587 quaerebat,
930 1524 987 1568 nec
1009 1506 1135 1570 delatum
1157 1508 1214 1571 sibi

122 1619 272 1682 honorem
293 1619 384 1702 pluris
407 1617 550 1696 faciebat,
583 1635 669 1698 quam
692 1616 788 1680 fidem.
834 1618 910 1691 Quin
939 1618 1026 1680 etiam
1055 1620 1214 1700 periclitari

121 1734 248 1798 malebat
271 1735 420 1814 prolege
443 1732 563 1810 domini,
587 1751 673 1812 quam
696 1751 751 1813 pro
774 1732 869 1815 gratia
891 1731 1017 1794 hominis
1040 1732 1158 1797 inflecti.

210 1841 261 1912 59.
304 1848 378 1911 Nem
409 1848 446 1911 de
476 1848 569 1910 sancti
592 1847 716 1928 loseph,
748 1864 835 1927 quem
864 1865 961 1929 paene
992 1849 1212 1931 praeterieram,

122 1961 297 2026 castimonia
320 1969 350 2024 et
372 1962 480 2024 iustitia
502 1960 573 2042 quid
596 1959 706 2038 dicam,
723 1957 755 2042 ³)
785 1977 908 2040 quarum
931 1959 1022 2022 altera
1044 1960 1212 2028 inlecebras

120 2076 232 2138 heriles
256 2076 386 2158 respuit,
417 2074 557 2138 refutavit
578 2075 725 2156 praemia3
757 2074 847 2137 altera
870 2081 994 2137 mortem
1025 2076 1210 2158 contempsit,

120 2194 231 2251 metum
257 2188 402 2270 reppulit,
434 2205 585 2250 carcerem
615 2185 825 2268 praeoptavit?
871 2186 943 2260 Quis
972 2187 1050 2251 hunc
1079 2191 1211 2270 privatae

120 2320 232 2366 causae
260 2301 297 2365 ad
328 2303 541 2366 consulendum
571 2301 711 2364 idoneum
740 2316 801 2364 non
829 2301 989 2381 iudicaret,
1021 2304 1103 2366 euius
1126 2304 1212 2368 ferax

121 2417 238 2481 animus
261 2424 291 2478 et
311 2436 396 2482 mens
418 2417 525 2480 fertilis
546 2417 689 2498 temporis
712 2415 894 2479 sterilitatem
917 2397 1044 2498 quodam
1065 2418 1212 2482 consilio·
1327 2445 1331 2452 ·

120 2551 186 2597 rum
210 2541 241 2596 et
263 2533 363 2598 cordis
386 2535 479 2597 ubere
504 2532 700 2596 fecundavit?

525 2733 698 2799 CAPUT
732 2733 808 2798 XII.

121 2883 253 2937 Neminem
279 2883 311 2935 eb
335 2882 437 2933 homine
455 2882 521 2934 vitiis
541 2883 708 2933 contaminato
728 2879 859 2932 eonsilium
877 2894 1001 2947 poscere,
1028 2894 1077 2929 nec
1095 2893 1177 2931 rursus
1195 2895 1211 2931 a

121 2986 223 3024 moroso
242 2980 268 3024 et
280 2969 389 3034 diflicili3
408 2970 455 3022 sed
473 2970 505 3022 ab
525 2985 567 3035 eo,
588 2967 726 3022 cuiusmodi
744 2968 872 3037 exemplar
889 2967 1011 3021 habemus
1028 2968 1053 3018 in
1072 2967 1210 3035 scripturis.

207 3096 259 3163 60.
295 3096 485 3160 Advertimus
508 3096 599 3178 igitur
621 3092 702 3176 quod
724 3096 754 3157 in
777 3074 1120 3176 adquirentisaonsitiis
1139 3091 1211 3172 plu·

120 3213 227 3276 mmum
250 3212 392 3293 adiungat
413 3210 492 3273 vitae
518 3209 667 3292 probitas,
698 3208 836 3271 virtutum
864 3208 1089 3290 praerogativa,
1121 3206 1211 3268 beni-

120 3327 270 3391 volentiae
293 3341 385 3405 usus,
416 3323 561 3387 facilitatis
584 3322 688 3406 gratia.
732 3321 805 3396 Quis
829 3322 907 3384 enim
929 3322 959 3383 in
982 3337 1076 3384 caeno
1099 3319 1212 3383 fontem

120 3439 282 3522 inquunt
325 3438 399 3513 Quis
433 3456 451 3500 e
483 3437 600 3501 turbide
629 3455 705 3518 aqua
737 3440 838 3517 potum
870 3435 977 3518 petat?
1027 3434 1127 3516 Itaque
1159 3432 1211 3497 ubi

120 3553 238 3617 lunria
261 3558 316 3630 cst,
338 3551 389 3615 ubi
410 3550 643 3633 intemperantia,
666 3549 716 3611 ubi
736 3549 874 3610 vitiorum
890 3547 1037 3627 conlusio,
1060 3547 1126 3629 quis
1141 3543 1211 3609 inde

121 3666 178 3730 sibi
200 3662 311 3747 aliquid
332 3663 526 3730 haumendam
549 3664 723 3729 existimet?
759 3663 832 3738 Quis
852 3679 912 3726 non
933 3662 1076 3745 despiciat
1095 3678 1211 3724 morum

120 3779 358 3856 conluvionem?
393 3781 467 3856 Quis
489 3781 589 3845 utilem
613 3796 721 3842 causae
744 3778 859 3842 alienae
881 3778 999 3857 iudicet,
1023 3793 1111 3858 quem
1129 3773 1211 3840 videt

120 3894 253 3956 inutilem
276 3910 349 3960 suae
371 3895 479 3959 vitae?
524 3893 596 3968 Quis
618 3894 723 3956 iterum
745 3893 910 3974 inprobum,
932 3890 1110 3970 malivolum,
1133 3907 1211 3954 con-

192 4138 220 4204 1)
232 4137 334 4191 Hiezec.
348 4136 392 4204 28,
405 4136 430 4191 3.
466 4137 494 4202 2)
507 4135 571 4188 Dan.
586 4133 627 4200 tt,
640 4133 681 4188 39.
717 4133 746 4204 ³)
760 4133 821 4188 Gen.
832 4133 874 4201 39,
886 4133 903 4185 8
914 4150 984 4204 seqq.
998 4137 1024 4187 c't
1036 4132 1080 4199 tt,
1093 4133 1126 4188 25
1138 4149 1209 4204 seqq.
