2692 4666
515 317 560 368 ΑΙ)
579 317 605 366 S.
626 316 826 370 auonostuu.
1159 331 1222 394 415

120 472 171 525 Pro
191 477 274 526 murita
292 479 416 543 equitnm,
436 474 503 542 quod
523 491 537 524 e
557 477 640 527 taratra
658 485 782 543 prioratum
802 478 849 541 (ita
869 477 953 544 bictiig
971 487 997 529 et
1015 481 1055 531 ed.
1075 481 1144 546 cot.)
1164 502 1223 536 cor·

119 568 219 610 rectum
238 569 277 610 est
296 563 320 610 in
341 561 389 624 tta,
410 561 486 614 codd.
501 559 532 609 W
551 568 577 611 et
596 559 631 612 Bc
650 562 759 627 pessime
780 560 893 613 scribunt
911 568 1009 618 anatraa
1027 578 1158 635 quantam.
1195 569 1224 621 iu

120 647 162 698 bib
182 663 229 714 pro
248 650 341 700 vitioso
363 658 504 717 quantam,
533 648 601 716 quod
621 649 647 698 in
666 648 837 700 consimiiibus
857 648 928 701 libris
948 653 1090 717 inuenitur,
1116 670 1223 706 vacuum

110 742 169 784 cst.
202 733 267 784 Dein
286 745 309 786 at
329 750 379 785 om.
395 732 441 799 iic,
460 749 570 802 quocum
589 733 650 785 iacit
668 738 745 786 etiem
765 735 894 803 exemplar
908 737 972 791 eoa·
995 738 1112 792 Proxime
1130 761 1225 811 acapna

122 822 184 872 dant
203 820 241 872 W.
264 822 366 890 iibcdig
384 830 411 874 et
430 820 466 873 Bc
485 824 597 889 itemque
618 822 677 873 edd.
693 822 747 874 Coi.
767 824 887 889 cettan,
907 841 990 894 neque
1009 826 1082 878 aliter
1100 845 1114 878 a
1134 844 1166 880 m.
1186 847 1223 896 pr.

121 907 230 958 babebat
251 909 298 959 bia.
336 908 396 960 Post
415 912 526 964 uirtutis
546 908 577 959 W
595 917 623 961 et
640 908 743 978 bibcdig
760 911 859 961 addunt
877 923 933 980 aar,
963 914 1223 981 quadratiano.

123 997 209 1047 erasit.
255 996 279 1046 3.
307 999 384 1065 Syr-ii
408 995 467 1047 edd.
489 995 543 1048 Coi.
563 994 667 1046 Amerb.
694 1005 849 1065 ceteraeque
874 1007 933 1050 ante
953 999 1032 1051 Maur.
1079 1003 1105 1051 4.
1124 1006 1226 1057 iurabet

121 1080 163 1131 W.
179 1081 223 1133 Bb.
242 1081 278 1133 111
295 1084 460 1149 conspirante
479 1083 521 1134 ed.
536 1081 591 1134 Coi.
629 1083 686 1134 Mox
703 1088 801 1153 praelii
813 1084 844 1134 W
863 1086 951 1150 cibis,
968 1092 1065 1157 praelii
1083 1089 1143 1140 edd.
1157 1089 1223 1142 bied.

122 1175 149 1220 et
173 1171 344 1236 posteriores,
371 1185 417 1237 per
436 1171 615 1238 compendium
631 1172 684 1242 'pilii
703 1170 807 1239 bibcdig
826 1182 853 1224 ct
871 1171 956 1238 babo,
982 1177 1063 1241 pretii
1081 1175 1122 1227 bie
1141 1192 1164 1227 c.
1183 1176 1225 1228 ed.

123 1255 179 1308 Coi.
215 1259 239 1308 5.
254 1262 457 1312 Amorraearam
471 1258 569 1309 Eresos.
583 1256 652 1311 Cost.
668 1257 739 1322 Pist.,
759 1278 969 1315 arctoos-aeorum
982 1260 1022 1325 W,
1042 1278 1226 1318 amorreorum

123 1344 238 1395 Menace.
259 1352 285 1395 et
303 1343 388 1409 Bahc,
412 1363 579 1400 amurcarum
598 1346 640 1397 ed.
661 1344 741 1409 nen,
761 1348 923 1401 [ethaeorum
942 1347 1015 1398 Rom.
1054 1348 1115 1399 Tum
1134 1360 1158 1403 et
1174 1354 1225 1420 fa.

122 1436 229 1502 pierunt
247 1430 346 1483 Mbcde.
367 1431 386 1482 B
407 1441 433 1484 et
451 1449 488 1499 pr.
507 1433 564 1500 big,
592 1443 616 1486 at
640 1436 790 1502 effecerant
813 1433 854 1483 ed.
876 1432 931 1484 Coi.
978 1435 1001 1486 6.
1027 1439 1168 1504 romaniae
1186 1436 1226 1488 tta

124 1537 338 1605 (automedon),
358 1542 500 1607 inmani-ro
519 1540 595 1589 etiarn
617 1536 686 1589 Babc
705 1547 731 1590 et
749 1536 824 1590 Mede
842 1555 864 1590 c.
885 1539 925 1590 ed.
944 1537 1020 1604 Men,
1038 1526 1161 1609 braiao
1180 1540 1227 1606 (cx

122 1642 263 1714 ι1110111111)
282 1642 333 1707 Mb
352 1647 381 1696 5²2
398 1648 508 1725 1110111111
528 1641 579 1711 mg,
597 1647 627 1696 t‘rt
643 1647 758 1712 provisu
776 1642 816 1707 W,
836 1647 979 1713 inprouiso
997 1661 1035 1712 pr.
1054 1644 1104 1709 bia,
1123 1649 1226 1713 impra-

122 1734 186 1785 er‘sa
206 1730 242 1781 111
260 1738 287 1782 et
305 1729 363 1782 edd.
383 1711 439 1780 reli.
477 1725 551 1780 Cani
570 1727 641 1781 edi.
662 1729 705 1780 21.
731 1732 754 1794 §.
775 1730 819 1794 97,
837 1731 862 1781 4
908 1730 933 1783 7
952 1734 1163 1801 opprimamur
1180 1732 1236 1784 Mc.

125 1853 227 1905 Deinde
247 1854 356 1906 iunctis
375 1849 416 1900 W.
454 1849 512 1899 Mox
535 1852 623 1918 poerit
641 1849 673 1898 W
697 1857 723 1900 et
747 1866 784 1917 pr.
804 1851 860 1916 tta,
889 1855 913 1904 in
939 1870 990 1921 qno
1015 1871 1035 1906 r.
1059 1871 1090 1905 m.
1117 1858 1228 1907 correxit

123 1949 249 2011 peccant,
278 1937 315 1989 Bb
335 1938 413 1989 babet
431 1940 544 2006 possint.
587 1936 610 1987 8.
631 1941 695 2006 quin
714 1941 768 1990 iam
786 1953 832 2004 pro
852 1944 975 2007 quostiam
993 1939 1036 1992 Ba.
1074 1940 1144 1992 idem
1163 1941 1229 1993 iiber

126 2028 221 2080 deiude
238 2030 407 2096 protendere,
428 2024 470 2094 big
487 2027 638 2094 procedere.

198 2132 296 2197 5.,-122,
315 2130 338 2180 1.
358 2128 541 2238 ᾳιιι11ιιιιε1σ1.
561 2129 616 2180 ttae
635 2137 660 2180 et
679 2127 723 2181 Bu.
758 2129 820 2181 item
840 2130 899 2182 edri.
920 2130 1022 2182 Amerb.
1042 2139 1119 2199 atque
1138 2129 1227 2195 Rom.;

127 2265 241 2325 quatuor
258 2254 327 2322 vulg.
364 2250 442 2303 2-3.
461 2255 609 2306 adinvicem
627 2251 671 2317 (sc
689 2251 721 2302 ab
740 2250 773 2302 al.
793 2268 826 2304 m.
845 2269 919 2320 supra
939 2252 1044 2319 edient.)
1058 2251 1103 2305 Bb.
1141 2254 1165 2304 3.
1184 2257 1227 2308 bia

128 2358 178 2394 om.
200 2342 243 2394 ua.
281 2339 342 2392 Tum
362 2343 542 2410 inpreds'aorar
560 2338 600 2412 W.
637 2337 674 2390 lta
691 2355 705 2389 a
724 2356 757 2390 m.
772 2357 816 2407 pr.
836 2343 912 2393 etiam
931 2343 987 2407 bia,
1014 2342 1046 2394 ab
1071 2352 1227 2394 recentem

126 2433 325 2500 inpedientur,
353 2443 368 2478 c
388 2442 438 2494 quo
456 2428 482 2478 in
502 2427 540 2478 bis
560 2435 660 2479 enatum
679 2435 719 2479 est
738 2431 926 2496 iraprerb'amar.
964 2428 998 2480 Ba
1021 2428 1109 2480 scribit
1132 2432 1226 2499 inpre-

128 2520 235 2571 diamar
260 2531 368 2583 moxque
392 2532 555 2570 maneamus.
600 2516 624 2566 1.
646 2514 675 2566 V.
694 2518 784 2569 arbem
808 2531 822 2566 a
847 2516 903 2567 rudi
928 2532 1003 2567 mann
1028 2517 1228 2583 superscriptum

127 2613 168 2656 est
185 2607 211 2655 in
231 2604 277 2655 tta.
314 2603 386 2655 idem
407 2603 472 2655 iiber
491 2611 517 2654 et
534 2603 574 2654 bie
592 2617 642 2654 om.
662 2607 739 2671 fame.
785 2603 809 2654 5.
835 2606 948 2672 subpetit
971 2602 1049 2654 babet
1067 2601 1115 2652 iiic.
1152 2601 1227 2664 Quod

127 2691 243 2759 sequitur
261 2694 337 2744 asabia
356 2690 450 2742 excidit
468 2690 494 2740 in
513 2686 558 2739 Ba.
595 2688 653 2740 Mox
670 2692 699 2743 ia
718 2691 819 2742 caruis
839 2689 882 2740 dat
901 2687 947 2753 W,
975 2704 1023 2740 uec
1047 2687 1121 2740 aliter
1145 2690 1228 2755 primo

127 2776 265 2829 exhibebat
283 2775 331 2828 bin.

235 2900 261 2951 P.
283 2899 342 2954 218.

202 3008 223 3058 1.
241 3023 340 3075 paartaa
357 3021 404 3073 pro
421 3008 518 3059 martia
531 3003 575 3055 Βι.
611 3003 635 3056 2.
657 3003 753 3072 Scripsi
771 3007 939 3058 intrauerunt
957 3013 1048 3073 caetra
1066 3020 1088 3055 c.
1109 3000 1184 3054 codd.
1199 3002 1229 3053 W

128 3105 155 3149 et
174 3095 293 3163 bucam,
323 3094 474 3164 quibuscum
500 3093 656 3145 concordant
681 3095 757 3145 etiarn
784 3093 842 3145 edd.
862 3091 965 3143 Amerb.
990 3098 1146 3158 ceterasque
1172 3099 1230 3141 ante

128 3183 217 3247 binum,
235 3187 298 3235 iatr.
316 3185 345 3233 ia
365 3192 456 3235 castra
475 3181 570 3232 babent
588 3180 662 3232 codd.
682 3189 708 3232 et
727 3181 786 3232 edd.
806 3180 862 3232 reli.
900 3180 965 3231 Libri
985 3177 1020 3228 Βι
1041 3185 1066 3229 st
1081 3178 1120 3228 bie
1137 3177 1231 3229 addunt

127 3273 228 3339 cyriae,
251 3268 319 3337 quod
339 3270 363 3319 in
382 3267 422 3318 bia
440 3269 511 3320 rudis
529 3269 576 3319 iste
595 3283 682 3319 manus
700 3284 776 3335 supra
797 3267 897 3319 adiecit.
936 3265 1051 3318 Proxime
1068 3268 1141 3319 naria
1159 3264 1190 3315 ab
1209 3279 1229 3314 r.

128 3374 161 3409 m.
181 3357 379 3423 superscriptum
397 3357 421 3407 in
441 3354 481 3405 W.
519 3353 580 3406 Turn
605 3359 733 3425 inpressa
758 3354 825 3406 maie
850 3355 916 3406 idem
942 3353 1016 3405 iiber.
1059 3352 1083 3404 3.
1109 3357 1231 3405 levarant

127 3459 175 3511 pro
193 3447 354 3513 papauerum
372 3443 415 3494 Ba.
453 3440 532 3493 Paulo
550 3449 608 3508 post
625 3441 693 3492 idem
711 3441 816 3493 scribit:
843 3444 880 3494 lar
904 3458 964 3494 eum
982 3445 1036 3495 eoir'
1051 3449 1163 3509 possent
1181 3439 1231 3508 'pide

128 3535 269 3594 irscaiare,
297 3528 381 3597 alcaei·
399 3533 450 3581 tam
468 3531 597 3582 nunciare
614 3531 686 3597 rapi,
715 3527 917 3593 conspirantibus
943 3528 1016 3579 editis
1043 3525 1113 3576 libris
1132 3524 1230 3576 Erasm.

130 3617 275 3685 ceterisque
295 3614 408 3665 Macrino
428 3615 628 3684 antiquioribus3
659 3613 695 3664 Bb
721 3613 798 3665 babet
821 3617 925 3667 taudem
948 3617 1006 3684 cepi
1022 3616 1158 3666 aaaaatara.
1205 3612 1229 3662 6.

129 3709 228 3774 Syriae
247 3703 299 3768 Bc,
326 3706 386 3754 item
413 3703 471 3753 edd.
497 3701 595 3752 Erasm.
621 3700 690 3752 Cost.
718 3700 777 3752 Pist.
804 3709 880 3768 atque
900 3700 972 3752 Rom.
1008 3699 1073 3750 Dein
1093 3701 1232 3752 honestam

130 3795 329 3845 arbitrabantur
351 3798 421 3842 recte
441 3788 481 3840 W.
501 3788 571 3841 Masi
587 3796 613 3839 et
631 3787 700 3839 Bnbc
720 3805 768 3839 nna
789 3803 845 3839 cunr
864 3787 923 3838 edd.
943 3786 1010 3837 Med.
1030 3785 1133 3836 Amerb.
1154 3793 1231 3853 atque

130 3878 245 3945 Eranam,
271 3882 327 3932 arb.
346 3881 485 3931 baccatum
501 3876 620 3929 scribitur
638 3878 663 3926 io
683 3876 772 3940 biberi,
800 3879 855 3929 arb.
874 3880 1011 3930 batumum
1030 3877 1118 3943 papie
1136 3874 1161 3923 in
1181 3872 1231 3950 ttg,

87 3953 90 3956 Δ
119 3957 222 4020 'omittit
239 3973 378 4021 Ιιιιιιιιιιιιιι
397 3964 526 4030 exemplar
543 3963 611 4028 Coi,
631 3968 770 4018 honestare
788 3967 842 4016 ari.
863 3954 928 4012 maie
948 3961 1069 4013 exhibant
1087 3959 1147 4012 edd.
1163 3958 1231 4010 Cast.

131 4053 192 4106 Pist.
212 4055 285 4106 Rorn.
305 4055 383 4105 Maur.
403 4058 481 4119 arque
497 4049 561 4103 Gilb.
591 4050 630 4102 Ad
649 4067 673 4102 u.
693 4049 929 4105 boemiam-intell.
949 4050 1032 4117 potius
1050 4051 1143 4118 mapis.
1176 4045 1232 4098 Vid.

132 4146 294 4198 flamberto.
314 4141 423 4193 Granum.
441 4137 495 4190 Lat.
515 4153 540 4206 p.
554 4136 615 4191 198.
633 4135 731 4190 11018.
751 4130 916 4189 calilicem
933 4135 999 4188 inira
1018 4134 1117 4200 §.128
1133 4133 1158 4185 t.
1177 4133 1230 4185 ibi·
