2692 4666
121 283 183 345 206
568 274 592 326 s
611 257 767 327 sarnaosn

208 436 258 503 89.
300 435 376 511 Quid
400 440 497 497 autem
521 433 598 497 aliud
621 433 758 511 loannes,
782 431 840 495 uisi
861 431 1047 494 honestatem
1071 429 1216 494 conside-

121 555 215 632 ravit,
241 558 272 614 ut
294 550 467 612 inhonestas
490 550 606 630 nuptias
630 549 717 612 etiam
740 549 770 609 in
793 565 869 630 rege
891 565 951 610 non
975 553 1080 630 posset
1102 546 1218 628 perpeti

123 667 242 729 dicens:
256 661 287 747 ¹)
311 663 382 725 Non
404 663 460 723 tibi
482 663 554 724 ticet
576 663 661 724 ittam
683 681 814 724 aaronem
832 660 955 723 hahere.
992 661 1092 723 Potuit
1107 666 1218 738 tacere,

123 781 179 841 nisi
204 778 376 840 indecorum
398 777 454 837 sibi
478 775 639 838 iudicasset
662 776 764 838 mortis
788 780 872 856 metu,
889 793 993 837 verum
1020 792 1081 837 non
1106 774 1218 853 dicere,

123 893 265 956 inclinare
288 890 354 973 regi
376 889 578 971 propheticam
594 890 808 966 auctoritatem,
831 887 1029 951 adulationem
1044 888 1218 949 subtexere.

124 1006 243 1069 Sciebat
261 1005 367 1085 utique
390 1003 563 1065 moriturum
585 1020 620 1064 se
644 1018 722 1080 esse,
745 1000 812 1081 quia
828 1000 894 1084 regi
910 999 1142 1076 adversabatur;
1166 998 1220 1062 sed

124 1119 308 1181 honestatem
331 1117 418 1179 saluti
440 1115 587 1198 praetulit.
625 1114 663 1177 Et
685 1122 783 1177 tamen
805 1112 875 1195 quid
897 1113 1007 1192 utilius,
1031 1132 1120 1194 quam
1140 1113 1220 1194 quod

126 1232 276 1314 passionis
299 1231 365 1292 viro
389 1234 492 1290 sancto
516 1228 635 1290 advexit
656 1226 808 1308 gloriam?

213 1342 264 1408 90.
302 1343 408 1408 Sancta
432 1359 552 1422 quoque
576 1341 709 1407 Susanna
721 1335 754 1422 ²)
777 1338 947 1402 denuntiato
970 1336 1037 1399 falsi
1059 1337 1221 1402 testimonii

127 1465 255 1534 terrore,
278 1475 344 1518 cum
366 1455 434 1516 hino
457 1471 491 1516 se
514 1452 630 1516 videret
651 1454 777 1536 urgueri
793 1451 936 1534 perioulo,
958 1451 1029 1514 inde
1045 1452 1218 1533 opprobrio,

127 1571 227 1634 maluit
253 1571 378 1632 honesta
400 1573 495 1629 morte
517 1568 612 1629 vitare
635 1567 842 1649 opprobrium,
874 1585 961 1647 quam
989 1563 1088 1628 studio
1117 1565 1219 1628 salutis

127 1692 243 1766 turpem
265 1684 353 1746 vitam
375 1682 476 1744 subire
499 1700 533 1743 ac
556 1682 712 1744 sustinere.
756 1680 859 1762 ltaque
892 1680 960 1742 dum
991 1679 1141 1743 honestati
1171 1679 1219 1741 iu-

128 1795 230 1875 tendit,
247 1790 279 1878 3)
303 1793 390 1856 etiam
411 1792 501 1854 vitam
523 1794 706 1855 reservavit:
732 1811 807 1874 quae
829 1794 855 1855 si
876 1792 925 1873 id,
949 1791 1029 1873 quod
1052 1793 1109 1856 sibi
1133 1792 1220 1854 vide-

127 1910 214 1972 batur
236 1907 384 1970 advitam
407 1907 496 1984 utile,
526 1908 778 1989 praeoptavisset,
810 1925 872 1971 non
899 1913 1008 1970 tantam
1036 1911 1221 1990 reportasset

128 2023 273 2106 gloriam,
306 2020 394 2082 immo
417 2020 504 2081 etiam
527 2018 574 2099 id,
604 2019 683 2101 quod
705 2038 768 2083 non
789 2020 885 2083 solum
907 2020 1027 2099 inutile,
1057 2018 1112 2082 sed
1136 2020 1220 2082 etiam

128 2134 328 2218 periculosum
359 2132 455 2212 foret,
489 2152 616 2214 poenam
650 2135 779 2200 criminis
812 2136 938 2199 forsitan
970 2153 1032 2198 uon
1067 2136 1221 2199 evasisset.

127 2246 319 2310 Advertimus
347 2245 437 2327 igitur
467 2246 536 2325 quia
564 2245 613 2325 id,
647 2247 729 2327 quod
751 2253 837 2330 turpe
860 2254 921 2328 est,
951 2268 1012 2312 non
1034 2249 1132 2331 possit
1154 2266 1221 2312 esse

127 2360 208 2439 utile,
230 2377 329 2440 neque
352 2376 456 2421 rursus
479 2359 518 2439 id,
542 2360 622 2441 quod
644 2360 802 2425 honestum
826 2369 880 2443 est,
904 2362 1025 2442 inutile,
1052 2364 1122 2444 quia
1144 2381 1221 2426 oon-

127 2472 198 2555 plex
220 2471 385 2535 honestatis
409 2479 455 2534 est
477 2489 596 2555 semper
618 2474 727 2537 utilitas
750 2482 781 2537 et
805 2476 935 2539 utilitatis
959 2475 1110 2539 honestas.

533 2670 704 2738 CAPUT
738 2673 815 2742 XV.

128 2819 219 2872 Relato
244 2819 414 2872 Romanorum
439 2834 565 2887 generoso
591 2820 694 2873 consilio
718 2824 851 2874 maximam
874 2821 954 2875 fuisse
977 2821 1060 2890 Moysi
1083 2823 1221 2876 honestatis

439 2922 525 2958 curam
543 2923 575 2958 ex
593 2909 648 2959 eius
666 2907 738 2960 lactis
757 2908 907 2961 declaratur.

216 3038 269 3105 91.
312 3038 505 3103 Memorabile
527 3039 568 3101 fer
576 3048 627 3102 unt
648 3041 796 3121 rhetores,
823 3041 904 3122 quod
926 3040 989 3106 dux
1009 3042 1221 3126 Romanorum,

129 3175 197 3218 oum
220 3155 257 3219 ad
280 3173 346 3218 eum
369 3152 534 3217 adversarii
554 3156 637 3240 regis
660 3156 792 3219 medicus
814 3157 963 3236 venisset,
996 3157 1143 3239 pollicens
1164 3159 1221 3223 da-

129 3275 225 3332 turum
255 3287 289 3332 se
315 3269 382 3350 regi
409 3286 574 3349 venenum,
605 3270 733 3333 vinctum
761 3289 829 3333 eum
857 3270 894 3333 ad
920 3270 1037 3334 hostem
1064 3273 1221 3335 remiserit

129 3383 166 3446 Et
194 3401 302 3447 revera
331 3383 534 3465 praeclarum,
570 3390 603 3445 ut
633 3384 683 3464 qui
712 3384 829 3447 virtutis
859 3391 1011 3448 certamen
1038 3392 1220 3469 susceperat,

130 3497 222 3560 nollet
243 3495 347 3560 fraude
370 3498 501 3560 vincere.
546 3497 615 3561 Non
637 3498 768 3560 enimin
794 3499 919 3562 victoria
945 3498 1131 3563 honestatem
1160 3517 1221 3581 po-

130 3610 236 3690 nebat,
268 3608 323 3672 sed
344 3609 456 3689 ipsam,
487 3609 544 3673 nisi
567 3583 722 3674 honestate
745 3611 907 3692 quaesitam
928 3611 1083 3675 victoriam
1105 3617 1221 3695 turpem

130 3723 346 3803 pronuntiabat.

217 3833 268 3901 92.
311 3835 477 3902 Redeamus
508 3837 545 3902 ad
574 3845 708 3904 nostrum
736 3839 864 3926 Moysen
890 3848 980 3922 atque
1004 3838 1043 3904 ad
1065 3839 1223 3922 superiora

133 3987 339 4001 Ἦ

202 4079 230 4143 1)
248 4079 335 4133 uasta.
355 4080 396 4144 m,
415 4080 439 4132 4.
510 4081 538 4145 a)
558 4081 621 4137 nan.
642 4082 684 4147 13,
702 4081 744 4136 sa.
815 4081 843 4148 a)
863 4081 925 4136 nu.
943 4083 985 4134 eo.
