2692 4666
517 348 563 403 uu
582 349 607 404 s.
625 347 826 438 euaaosruu.
1154 354 1215 422 381

122 527 182 565 cum
203 513 293 582 poerit
315 511 455 580 eademque
482 511 613 578 corruptio
639 509 726 562 foedat
751 519 852 563 ceteros
870 508 984 565 Menace.
1020 508 1105 564 Verba
1129 527 1218 584 eeqq.:

122 603 206 656 triete·
224 610 292 654 certe
309 617 361 653 noa
379 603 497 669 videtur,
523 602 569 668 qul
592 601 699 652 latetilie
722 608 763 653 eat
786 601 908 653 omeliaco
926 596 963 651 be
982 599 1008 652 iu
1026 599 1149 667 superiori
1167 617 1219 672 mg.

122 687 216 754 babet,
245 695 333 755 utpote
359 689 385 738 in
413 687 468 740 ord.
496 687 596 738 omissa.
642 685 666 735 6·
693 704 748 741 unc
774 690 865 756 eaeque
891 690 995 767 utilitas
1018 692 1219 746 universorum.

123 780 201 844 Quod
218 780 245 830 ei
262 794 316 830 una
334 778 438 831 utilitaa
456 780 645 831 uninmerrtm
664 783 713 826 etc.
733 775 820 828 scribit
838 775 882 842 Be,
902 777 944 827 cui
960 776 1142 845 adstipulantur
1159 780 1218 832 edd.

122 858 191 916 bled.
217 873 370 932 ceteraeque
390 864 526 916 Maurinem
553 863 751 928 antecedentcc3
774 881 879 933 unaque
903 869 1006 920 utilitas
1030 875 1111 918 exstat
1128 871 1152 919 in
1172 867 1219 920 Bb.

122 951 148 1004 8.
168 951 267 1004 Verbac
291 955 349 1006 Neu
367 960 408 1006 eat
425 969 487 1022 erqo
505 954 575 1016 eirea,
594 953 640 1020 qui
657 953 810 1005 cetteultrern
827 954 890 1005 velit
908 953 988 1006 elteri
1004 958 1149 1009 necandum
1165 973 1219 1010 ree-
1247 937 1253 945 ·
1313 1000 1317 1015 .

122 1052 211 1097 turem
228 1041 254 1091 in
273 1038 309 1091 Be
327 1054 393 1092 corr.
411 1056 445 1091 m.
463 1039 496 1090 ad
515 1053 566 1107 mg.
585 1039 691 1090 eddidit.
728 1037 794 1090 Dein
812 1042 955 1093 «demeum
973 1042 1053 1110 lenem
1070 1038 1131 1094 Bhe.
1176 1023 1179 1034 ¹

193 1131 218 1196 §.
236 1123 504 1193 26‚1.ee·om.ttbe
527 1133 554 1177 ot
572 1125 631 1178 edd.
651 1123 706 1177 eot.
731 1133 806 1195 atquo
825 1126 891 1178 uteo.
926 1125 976 1179 Pro
1003 1130 1032 1181 lte'
1055 1144 1078 1180 e.
1103 1131 1159 1184 cod.
1179 1132 1221 1202 ttg

122 1217 253 1286 exemplar
271 1215 325 1269 Col.
351 1215 429 1267 babet
452 1217 504 1278 leil,
524 1213 590 1266 bled.
609 1217 658 1268 11-
676 1213 740 1265 Dein
766 1216 812 1284 qui
834 1217 951 1268 etodium
974 1214 1149 1270 cumatile.
1184 1218 1221 1273 lta

122 1313 216 1364 Cicero
234 1307 268 1358 de
286 1304 353 1357 ollio.
375 1301 415 1354 111.
438 1301 478 1353 10.
496 1303 520 1366 §.
540 1300 582 1352 42.
618 1303 672 1368 Qui
699 1305 728 1354 in
751 1304 867 1355 etodium
891 1312 1005 1355 currunt
1031 1303 1072 1354 ed.
1092 1303 1158 1359 1111
1194 1308 1220 1360 3.

122 1410 275 1463 cereusque
294 1392 324 1442 W
343 1399 370 1443 et
386 1405 425 1457 pr.
444 1388 492 1441 bin.
534 1388 558 1439 4.
577 1391 748 1458 eulplantare
766 1388 797 1438 W
816 1396 842 1440 et
860 1386 904 1440 Ba.
939 1387 1001 1440 lum
1025 1393 1127 1446 deicere
1144 1395 1219 1447 codd.

122 1499 147 1534 c.
166 1481 207 1534 ed.
226 1479 298 1542 Col..
323 1481 436 1533 delicere
460 1476 529 1545 vulg.
554 1492 593 1544 pr.
630 1476 715 1528 Verbo
735 1479 863 1544 depellere
886 1477 964 1527 utitur
981 1480 1075 1534 Cimo
1098 1479 1114 1531 l.
1135 1498 1157 1534 c.
1194 1483 1219 1536 ⁵.

122 1588 210 1626 mue
229 1573 265 1623 eit
283 1567 324 1617 W.
343 1566 456 1618 Menace.
475 1563 521 1629 Ba,
541 1568 614 1619 aucit
632 1562 685 1615 bbe
705 1564 819 1632 editique
831 1562 898 1615 libri.
928 1562 992 1616 Dein
1006 1568 1034 1620 in
1046 1585 1164 1624 occurere
1176 1568 1220 1623 Ba.

122 1658 148 1710 6.
166 1658 314 1727 quaerendo
332 1654 421 1706 reduxi
441 1670 474 1704 ex
491 1651 566 1706 codd.
586 1650 626 1704 W.
646 1651 759 1704 Menace
780 1659 805 1703 et
825 1650 877 1717 Bit,
900 1657 1012 1723 oea-etrele
1030 1655 1151 1709 exhibent
1168 1656 1222 1711 Bbe

120 1753 277 1812 veteresque
299 1742 359 1794 edd.
383 1748 409 1792 et
426 1741 502 1792 Maur.
529 1754 552 1791 c.
571 1737 634 1790 Gilb.
673 1738 724 1791 Sed
749 1742 897 1808 coemendo
924 1741 1020 1807 primus
1042 1744 1222 1799 emendaverat

120 1835 172 1884 iem
195 1830 316 1883 Erasmus
341 1845 450 1898 eumque
475 1829 566 1879 merito
590 1829 672 1879 eecuti
696 1835 754 1880 eunt
771 1824 916 1892 Corterim,
941 1827 1063 1893 Piatotiua
1089 1840 1115 1884 et
1138 1834 1223 1888 editor

121 1919 260 1972 Romanus.

153 2019 159 2034 ·
192 2010 218 2074 s.
236 2005 280 2070 27,
300 2007 324 2059 1.
352 2009 489 2072 ouaeroat
507 2003 603 2073 aliqui]
632 2002 689 2054 Vid.
710 2005 765 2057 cie.
794 2002 826 2054 de
845 2002 912 2054 cibe.
931 2002 972 2055 tlt.
992 2004 1034 2056 23.
1054 2008 1079 2071 s.
1098 2005 1140 2061 89.
1160 2009 1220 2061 coll.

121 2096 185 2149 ibid.
204 2112 227 2147 c.
247 2096 271 2146 6.
288 2097 312 2160 §.
328 2094 370 2145 29.
407 2094 431 2144 3.
453 2104 477 2147 et
495 2097 521 2146 εἰ
538 2091 681 2144 disiunctim
702 2089 741 2142 W.
761 2088 846 2158 Maelg
865 2098 891 2141 et
909 2089 955 2141 Bb.
992 2091 1028 2143 Ita
1048 2101 1074 2145 et
1093 2094 1150 2147 edd.
1166 2094 1221 2151 eor.

122 2183 221 2235 Erasm.
240 2166 310 2234 Cor't.
329 2189 406 2249 etque
425 2180 515 2233 Pictor.
551 2183 584 2233 Si
611 2194 661 2230 orn.
690 2176 773 2229 ttbcd.
819 2178 843 2232 5.
869 2177 939 2229 Prius
964 2187 988 2232 et
1014 2180 1108 2233 excidit
1131 2183 1157 2234 in
1175 2182 1220 2236 Ba.

122 2271 146 2324 6.
173 2269 307 2339 Perperam
332 2269 400 2321 idem
424 2269 489 2320 liber
513 2271 643 2337 debeatur.
680 2265 741 2318 'lum
766 2276 855 2334 utpute
880 2266 921 2317 W.
958 2264 1016 2319 Mox
1042 2271 1070 2321 iet
1094 2272 1222 2326 latronem

123 2367 256 2411 armatum
278 2359 379 2411 ineidat
402 2357 461 2409 edd.
480 2353 578 2407 Erasm.
598 2353 696 2407 Conter.
715 2353 806 2407 Pictor.
826 2352 899 2406 Rom.
935 2352 985 2407 Sed
1010 2357 1062 2409 vid.
1087 2374 1152 2427 quue
1171 2359 1221 2413 ad-

123 2447 209 2498 notavi
233 2445 264 2496 ad
282 2442 301 2496 1.
320 2445 345 2495 2.
364 2447 388 2510 §.
409 2446 434 2510 5,
453 2444 479 2497 6.
524 2444 549 2496 7.
574 2446 686 2514 refecere·
709 2442 773 2510 (cic)
791 2442 837 2508 W,
863 2442 1092 2514 [1111111001.
1129 2443 1168 2497 De
1193 2463 1222 2500 re

124 2526 214 2601 dikum
233 2533 331 2600 estqui
350 2529 495 2583 conferatur
514 2531 608 2585 Cicero
627 2528 660 2579 de
678 2527 746 2580 offic.
765 2526 795 2579 ll·
816 2527 840 2579 5.
861 2531 887 2594 S.
904 2528 945 2579 18.
964 2546 986 2581 e.
1005 2528 1023 2583 l.
1042 2539 1067 2582 et
1086 2529 1154 2585 Orat
1174 2550 1222 2602 pro

122 2618 218 2670 Milone
236 2634 258 2669 c.
271 2617 296 2670 4.
316 2620 340 2683 §.
353 2618 394 2670 10.
437 2619 463 2668 1.
476 2614 509 2667 ab
521 2618 562 2666 im.
581 2619 679 2687 feritur
696 2614 790 2680 Mbcdl,
808 2619 903 2683 peribit
920 2614 965 2668 Ba.
1001 2616 1029 2670 b.
1048 2633 1102 2687 req.
1121 2623 1223 2678 tatem

123 2705 234 2758 blabedl.
253 2703 290 2756 tte
308 2714 335 2758 et
352 2722 391 2774 pr.
411 2705 451 2756 W.
470 2704 496 2756 2.
518 2705 550 2755 ab
569 2705 610 2756 int.
638 2701 808 2768 ecumbe,
830 2711 920 2755 'contra
945 2713 1003 2772 poet
1021 2709 1149 2764 obelata,
1177 2711 1220 2761 in.

123 2802 211 2848 cerunt
229 2793 301 2859 bled,
327 2793 395 2845 unde
414 2794 505 2846 coniici
523 2800 608 2861 potest
624 2791 675 2843 hoe
693 2806 833 2863 pronomen
860 2806 892 2843 ex
909 2791 1064 2860 glossemate
1082 2793 1219 2849 influxisse.

194 2885 219 2948 ς.
238 2882 283 2948 28,ι
302 2882 326 2932 1.
351 2878 494 2948 Quen-W,
514 2881 558 2933 eoi
577 2877 618 2930 ed.
637 2877 703 2929 bled.
740 2877 802 2930 Tum
819 2896 850 2934 ee
873 2883 1000 2947 potiorem
1023 2884 1103 2936 alleri
1125 2885 1223 2940 iudicet

123 2971 211 3026 ecribit
228 2970 276 3036 W,
299 2987 329 3025 ee
345 2978 398 3040 pot.
418 2971 499 3022 altero
517 2962 684 3033 iudicabat,
708 2976 760 3037 pot.
780 2968 943 3035 (pronomine
966 2974 1026 3019 anta
1043 2966 1069 3020 b.
1087 2985 1113 3021 v.
1133 2972 1220 3035 erano)

122 3077 155 3114 ee
172 3061 249 3112 elteri
266 3060 321 3112 iud.
341 3056 380 3108 Ma
398 3055 559 3123 eundemque
576 3054 713 3106 verborum
732 3052 848 3107 ordinent
875 3063 1014 3125 sequuntur
1033 3054 1088 3108 rell.
1107 3055 1220 3111 dionaeo.

123 3149 212 3201 Altero
230 3159 277 3213 pro
295 3147 384 3209 elteri,
401 3142 476 3212 quod·
489 3141 582 3210 legitur
601 3143 677 3194 etiam
695 3144 721 3194 in
739 3143 814 3196 codd.
832 3141 888 3195 Bbe
906 3151 932 3196 ot
948 3150 1008 3196 vett.
1027 3143 1110 3211 editie,
1128 3146 1222 3213 primus

123 3233 232 3286 restituit
250 3231 377 3284 Erasmus.

230 3320 258 3372 P.
279 3321 338 3372 185.

198 3410 222 3462 1.
245 3412 384 3464 vindicare
401 3415 473 3460 recte
490 3406 531 3460 W.
550 3404 602 3461 Bac
620 3415 646 3459 et
664 3421 703 3475 pr.
722 3406 778 3473 tta,
799 3408 861 3459 item
880 3407 939 3461 edd.
959 3406 1027 3461 coer.
1047 3408 1126 3464 Maur.
1145 3420 1221 3481 atque

125 3496 204 3564 Gilb.‚
221 3500 361 3553 vendicare
378 3496 418 3547 Ma
437 3495 521 3563 (abr.
541 3497 590 3562 m.)
610 3511 660 3548 uua
679 3512 734 3547 eum
753 3497 847 3548 ceteris
858 3495 972 3549 bionacc.
992 3505 1018 3547 et
1031 3495 1076 3561 bb,
1095 3514 1110 3549 a
1130 3500 1221 3568 quibue

124 3601 177 3637 uon
196 3584 338 3652 diacrepant
357 3583 415 3636 edd.
433 3583 489 3636 rell.
530 3584 555 3636 2.
574 3587 692 3654 Denique
710 3583 750 3636 W.
785 3583 847 3636 lum
870 3584 939 3636 idem
958 3584 1067 3638 liberet
1086 3585 1124 3638 bia
1143 3606 1220 3657 quur.

126 3672 193 3724 Dein
218 3676 307 3744 pollue
331 3676 444 3726 tolerare
463 3673 531 3740 (eine
550 3677 636 3736 tutem)
655 3669 725 3736 Boc,
751 3681 825 3726 tuum
841 3683 893 3743 pet.
914 3675 988 3726 teler-
1008 3671 1053 3724 Ba.
1098 3673 1123 3727 l.
1141 3679 1221 3731 natea

126 3758 173 3812 Bb.
204 3759 262 3811 blox
273 3763 397 3813 bortatur
410 3770 450 3814 eet
462 3760 530 3811 idem
542 3758 616 3824 liber,
635 3763 780 3814 coeundum
791 3769 915 3814 naturane
925 3769 966 3813 eat
978 3759 1077 3828 ttbcdg.
1114 3762 1138 3814 6.
1156 3767 1221 3818 am

106 3851 189 3918 ,feeit
206 3848 246 3901 W.
262 3846 327 3898 biae.
346 3843 400 3898 itte
418 3856 444 3899 et
462 3848 501 3899 ed.
522 3845 587 3911 cot,
604 3851 669 3916 feeit
685 3850 750 3901 derce
769 3846 827 3899 libri
844 3847 931 3915 ecripti
949 3854 975 3897 et
993 3848 1054 3898 editi
1073 3847 1128 3899 rell.
1158 3848 1221 3901 Tum

125 3935 204 3990 ealle
220 3937 287 3988 bona
305 3930 342 3984 11
362 3941 387 3986 et
406 3934 451 4001 (ex
467 3935 568 4002 mutat.)
588 3934 627 3985 blo
652 3934 819 4001 eundemque.
836 3934 972 3987 verborum
996 3935 1111 3987 ordinem
1134 3944 1222 3989 tenent

73 4036 77 4042 ·
128 4023 208 4074 ceteri
227 4021 339 4073 dionaeo.
375 4019 441 4072 Dein
459 4023 546 4090 e'toqrte
563 4038 609 4090 pro
627 4025 716 4091 utique
735 4020 770 4072 tte
790 4029 817 4072 et
833 4021 918 4086 bibed,
936 4032 1059 4090 tanqum
1070 4021 1119 4090 ttg.
1153 4020 1220 4074 Pro·

126 4110 195 4162 xime
213 4116 269 4161 anto
287 4113 416 4163 boneetoti
433 4110 576 4177 recepimus
593 4121 618 4165 et
635 4125 668 4162 ex
686 4107 725 4160 W.
745 4109 857 4162 dionaeo.
877 4118 903 4161 et
920 4108 965 4161 Ba.
996 4108 1045 4160 Pro
1062 4114 1222 4181 turpiterdini

129 4195 169 4248 bia
186 4213 224 4265 pr.
243 4196 381 4250 exhibebat
399 4199 535 4267 widiel,
554 4213 629 4268 quarn
647 4196 765 4252 vocabuli
781 4197 888 4252 formam
905 4197 1016 4266 probent
1029 4200 1118 4269 docel
1131 4201 1220 4256 uetes
