2692 4666
203 390 205 394 -
296 350 342 406 DE
361 349 498 405 orrlclls
516 349 742 405 ututsruouuu
760 352 857 408 LIBER
877 353 920 408 111.
1094 357 1158 421 209

55 509 161 574 alienis
185 512 305 576 timebat
322 520 358 575 et
379 514 506 577 malebat
528 515 678 593 innuptam
701 514 757 577 sibi
781 533 902 578 manere
932 514 1038 594 filiam,
1070 533 1158 595 quam

54 630 181 706 propter
201 628 319 707 nuptias
343 629 408 690 eius
432 635 593 690 extraneos
621 627 793 708 periclitari.

145 736 197 803 97.
244 740 338 814 Quam
370 741 502 804 breviter
534 740 662 804 absolvit
694 759 798 805 omnes
832 744 1025 822 quaestiones
1057 741 1157 823 phiio-

55 851 238 933 sophorumt
282 853 323 915 llli
348 853 488 918 devitiis
513 860 639 917 tractant
662 854 837 934 domorum,
869 854 999 938 tegenda
1022 874 1060 918 an
1081 874 1158 938 pro-

56 964 155 1028 denda
177 985 195 1029 a
216 965 373 1028 venditore
395 965 569 1044 videantur3
603 975 708 1029 noster
739 985 796 1029 nec
826 967 904 1032 filiae
933 969 1004 1031 vitia
1034 968 1158 1032 celanda

55 1079 214 1140 arbitratus
238 1085 293 1141 est.
336 1078 374 1140 Et
402 1086 484 1141 certe
511 1098 573 1142 non
596 1082 660 1162 ipse
684 1079 851 1143 adfectabat
873 1088 905 1144 ut
928 1099 994 1145 eam
1016 1081 1158 1161 traderet,

56 1189 112 1253 sed
134 1192 306 1274 rogabatur.
348 1192 464 1266 Quanto
488 1194 590 1275 utique
613 1195 669 1256 iste
691 1193 847 1257 honestior
870 1195 907 1257 sit
930 1195 997 1274 illis,
1022 1195 1158 1280 dubitare

55 1320 116 1365 non
151 1321 324 1385 possumus,
358 1306 383 1367 si
414 1306 603 1370 conferamus
637 1314 748 1390 quanto
782 1309 983 1390 praestantior
1014 1310 1052 1372 sit
1080 1309 1158 1373 filiae

56 1433 162 1496 causa,
186 1435 274 1498 quam
296 1418 341 1480 rei
364 1419 477 1481 venalis
500 1419 635 1500 pecunia.

449 1615 620 1683 CAPUT
656 1615 766 1684 XVH.

56 1760 157 1825 Quanto
181 1760 322 1814 honestatis
346 1762 431 1816 studio
458 1765 553 1831 antiqui
580 1771 665 1831 patres
691 1766 716 1816 in
741 1765 913 1832 captivitatem
939 1765 1032 1818 abituri
1057 1781 1158 1819 sacrum

470 1850 556 1918 ignem
576 1848 742 1901 occuluerint.

143 1980 194 2048 98.
240 1980 471 2046 Consideremus
505 1981 604 2060 aliud,
642 1982 724 2064 quod
761 1983 792 2046 in
832 1983 1000 2064 captivitate
1038 1991 1156 2066 gestum

56 2114 201 2159 summum
223 2097 317 2159 tenuit
338 2097 502 2160 honestatis
527 2095 676 2159 decorem.
718 2098 812 2160 Nullis
836 2097 913 2159 enirn
936 2099 1072 2161 adversis
1095 2098 1155 2160 ho-

57 2216 160 2272 nestas
184 2209 342 2291 inpeditur,
366 2229 442 2292 quae
465 2211 495 2273 in
518 2210 564 2272 his
588 2211 697 2272 eminet
720 2217 751 2272 et
771 2211 865 2293 magis
881 2211 1043 2293 praecellit,
1067 2229 1155 2292 quam

56 2322 87 2383 in
110 2323 272 2411 prosperis.
317 2323 397 2385 Inter
419 2322 535 2385 vincula
559 2324 676 2403 itaque,
699 2323 777 2384 inter
799 2341 899 2401 arma,
922 2323 1062 2401 flammas,
1084 2342 1155 2386 ser-

57 2436 189 2513 vitutem,
214 2454 291 2516 quae
313 2436 414 2499 liberis
439 2438 518 2500 omni
541 2437 686 2518 supplicio
709 2437 832 2519 gravior
855 2443 919 2514 est,
941 2437 1019 2498 inter
1041 2453 1155 2518 poenas

56 2549 262 2628 morientium,
285 2549 402 2612 excidia
424 2551 553 2631 patriae,
582 2553 722 2614 vivorum
744 2550 949 2629 formidinem,
978 2557 1154 2631 perempto-

55 2679 122 2724 rum
150 2663 326 2745 sanguinem
348 2680 409 2726 non
432 2663 543 2727 excidit
565 2672 663 2727 tamen
694 2682 765 2726 eura
797 2661 962 2727 honestatis
993 2662 1154 2725 maioribus

56 2775 187 2854 nostris,
221 2773 275 2837 sed
298 2775 375 2837 inter
398 2793 525 2838 eversae
547 2778 660 2858 patriae
682 2777 799 2839 cineres
823 2780 853 2837 et
875 2772 1048 2909 favillas&
1075 2771 1154 2836 affe·

56 2885 153 2948 ctihus
173 2886 229 2967 piis
252 2885 438 2969 resplenduit
459 2895 490 2949 et
509 2887 633 2949 refulsit.
661 2921 663 2926 ·

147 2993 198 3062 99.
241 2998 315 3063 Nam
338 3019 405 3063 curn
427 3000 456 3061 in
480 3000 631 3063 Persidem
654 2999 835 3064 ducerentur
863 3007 964 3081 patres
993 2999 1104 3078 nostri,
1126 2996 1154 3081 ¹)

56 3111 108 3191 qui
132 3117 202 3173 tunc
225 3111 273 3176 dei
296 3115 507 3197 omnipotentis
530 3115 660 3176 cultores
684 3119 784 3192 erant,
816 3121 969 3194 acceptum
992 3114 1093 3196 ignem
1116 3111 1154 3172 de

56 3222 142 3285 altari
171 3223 346 3291 sacerdotes
376 3225 486 3289 domini
517 3224 633 3287 occulte
656 3226 686 3285 in
710 3225 787 3287 ualle
809 3224 1039 3288 absconderunt.
1084 3223 1164 3285 Erat-¹

55 3335 117 3399 illic
138 3336 221 3400 velut
241 3344 347 3420 patens
369 3347 487 3421 puteus,
512 3355 607 3418 aquae
629 3353 755 3398 secessu
774 3335 957 3416 infrequens
981 3353 1037 3398 nec
1053 3353 1153 3417 popu·

55 3447 110 3512 tari
134 3449 201 3512 usui
223 3459 345 3531 patens,
376 3452 481 3532 ignoto
506 3456 537 3510 et
558 3449 594 3512 ab
617 3447 735 3511 arbitris
764 3455 881 3509 remoto
911 3446 1000 3509 loco:
1030 3447 1071 3509 ihi
1094 3447 1153 3509 ob-

55 3561 256 3644 signaverunt
276 3560 385 3626 indicio
408 3579 497 3625 sacro
520 3562 633 3641 pariter
654 3575 691 3621 ac
709 3557 827 3620 silentio
843 3558 943 3640 ignem
958 3559 1153 3622 reconditum.

55 3671 138 3736 Non·
154 3673 211 3737 iilis
240 3675 339 3738 studio
371 3675 424 3738 fuit
454 3692 558 3738 aurum
581 3672 744 3751 desudate,
777 3679 934 3755 argentum
957 3669 1153 3750 abscondere,

55 3785 136 3868 quod
159 3793 316 3850 servarent
336 3789 467 3872 posteris
490 3789 568 3863 suis;
591 3787 646 3849 sed
667 3785 747 3846 inter
768 3792 901 3847 extrema
920 3801 974 3846 sua
990 3784 1153 3847 honestatis

55 3914 158 3962 curam
179 3899 334 3980 hahentes,
356 3917 475 3964 sacrum
496 3899 598 3982 Quem
619 3895 799 3960 servandum
821 3902 1008 3978 putaverunt,
1031 3913 1070 3958 ne
1086 3912 1153 3958 eum

54 4044 277 4067 -—·—·—!§¹

127 4137 155 4203 1)
175 4138 199 4191 2.
213 4137 325 4193 Maccah.
345 4139 370 4206 1,
392 4137 425 4192 19
443 4153 515 4209 seqq.

107 4239 269 4290 naucerus.
