2692 4666
377 328 422 383 ou
441 326 577 384 opulens
594 327 818 383 utltlstltoattlt
835 327 931 383 LIBER
949 329 968 382 l
1154 332 1216 399 109

124 489 294 569 honorare3
322 494 449 578 hymnus
473 492 641 576 specialiter
664 491 722 559 deo
745 492 860 557 dicitur.
904 492 969 556 Hoc
989 497 1136 573 tamquam
1158 511 1217 555 ex-

124 603 281 670 cellentius
303 609 412 673 ceteris
443 608 569 673 credere
599 614 645 672 est
675 608 832 687 decorum,
863 605 941 689 quod
965 604 1127 670 deferimus
1150 605 1216 670 deo.

124 718 278 784 Mulierem
295 719 326 809 ¹)
362 740 482 806 quoque
514 723 544 785 in
576 722 677 785 habitu
711 728 817 786 ornato
853 737 942 785 orare
972 721 1129 799 convenit,
1164 719 1217 783 sed

124 834 293 916 specialiter
322 857 387 902 eam
418 837 504 900 decet
537 854 626 900 orare
658 836 784 900 velatam
812 841 844 899 cl
877 852 967 899 orare
1000 837 1217 917 promittentem

123 948 288 1011 castitmem
311 967 377 1013 cum
399 948 478 1013 bona
499 947 736 1014 conversatione.
779 956 797 1031 '31'-

457 1224 462 1233 ,
508 1149 681 1216 oreon
708 1149 829 1215 xcvo.

122 1309 277 1381 Proponitnr
294 1313 370 1365 bifida
395 1312 482 1367 decori
500 1313 606 1379 divisio;
630 1323 682 1366 tum
708 1322 841 1384 postquam
870 1321 998 1366 ostensum
1018 1320 1057 1365 cst
1084 1313 1152 1382 qnod
1172 1329 1217 1367 se·

122 1400 233 1453 cumulum
250 1408 365 1453 naturam
384 1402 431 1467 eit,
450 1399 596 1467 honestum3
617 1402 685 1471 quod
704 1419 793 1467 secus,
811 1410 886 1470 turpe
905 1400 1076 1467 censendum,
1095 1399 1217 1469 exemplis

464 1488 602 1542 illustratur
619 1489 684 1542 haec
703 1491 757 1560 ipsa
776 1490 878 1544 divisio.

212 1630 285 1697 222.
328 1631 382 1695 Est
412 1631 503 1716 igitur
535 1631 677 1696 decorum
707 1634 788 1717 quod
819 1634 1015 1716 praeeminet,
1050 1633 1135 1696 euius
1168 1630 1217 1694 di·

121 1745 201 1811 visio
233 1746 351 1828 gemina
381 1751 434 1809 est.
479 1747 552 1810 Nam
581 1753 627 1811 est
658 1748 800 1813 decorum
832 1749 917 1831 quasi
945 1748 1106 1832 generale,
1137 1745 1218 1829 quod

121 1877 179 1943 per
202 1859 426 1924 universitatem
449 1859 579 1926 funditur
600 1863 766 1928 honestatis
785 1870 817 1928 et
836 1865 921 1945 quasi
936 1863 966 1925 iu
981 1869 1044 1926 toto
1067 1868 1218 1944 spectatur

122 1989 271 2054 corpore;
294 1980 324 2036 et
347 1973 434 2036 etiam
457 1974 603 2058 speciale,
627 1976 708 2057 quod
727 1977 755 2039 in
771 1983 857 2059 parte
880 1977 977 2058 aliqua
1001 1977 1100 2040 enitet.
1144 1973 1217 2038 illud

123 2086 269 2170 generale
292 2086 331 2148 ita
352 2092 413 2164 est,
436 2106 471 2150 ac
487 2089 512 2151 si
528 2088 711 2169 aequabilem
735 2088 859 2153 formam
882 2097 971 2170 atque
994 2089 1216 2154 universitatem

120 2199 287 2264 honestatis
310 2200 339 2262 in
363 2202 442 2263 omni
465 2209 532 2265 actu
554 2221 609 2266 suo
633 2202 739 2266 habeat
769 2205 991 2284 concinentem,
1023 2223 1089 2267 cum
1120 2203 1216 2268 omnis

123 2314 180 2378 sibi
202 2315 265 2377 eius
288 2314 348 2378 vita
370 2313 536 2393 consentit,
569 2316 677 2378 necin
700 2316 759 2378 olla
782 2317 935 2398 aliquare
958 2315 1125 2397 discrepat3
1157 2316 1216 2380 hoc

123 2427 274 2510 speciale,
310 2446 375 2492 cum
405 2428 531 2510 aliquem
550 2435 655 2514 ,actum
677 2429 707 2492 in
730 2431 792 2493 sois
820 2429 909 2493 habet
938 2429 1094 2494 virtutibus
1123 2448 1215 2512 prae-

123 2542 311 2606 eminentem.

211 2655 284 2724 223.
330 2655 421 2722 Simul
442 2657 514 2720 illud
538 2657 677 2737 adverte,
712 2656 793 2739 quod
816 2664 846 2719 et
869 2656 1011 2719 decorum
1034 2660 1081 2718 est
1102 2671 1216 2717 secun-

124 2773 193 2847 dum
216 2754 349 2835 naturam
372 2771 492 2851 vivere,
516 2771 680 2836 secundum
702 2777 835 2834 naturam
858 2770 986 2854 degere,
1010 2776 1039 2832 et
1060 2775 1147 2850 turpe
1170 2773 1217 2830 est

124 2886 204 2969 quod
227 2887 264 2949 sit
286 2893 390 2949 contra
419 2895 562 2951 naturam.
607 2885 657 2949 Ait
688 2887 766 2948 enim
795 2885 948 2968 apostolus
972 2883 1057 2966 quasi
1082 2883 1215 2946 interro·
1266 2908 1274 2930 <

123 3019 212 3085 gans:
227 2996 263 3086 ²)
286 2999 384 3061 Decet
397 2999 554 3061 mulierem
569 3017 634 3062 ooo
649 2998 784 3061 celatam
800 3018 894 3061 orare
910 2997 1023 3060 deam?
1058 2994 1123 3058 Nee
1145 2995 1217 3074 ipso

124 3120 242 3175 natura
264 3111 356 3175 docet
376 3130 433 3174 coe
451 3111 540 3191 'quod
560 3110 611 3172 eir
634 3110 756 3191 quidem
777 3112 807 3172 si
828 3129 943 3173 comum
965 3110 1099 3186 habeat,
1123 3110 1215 3190 ipoc-

122 3225 223 3289 mioio
244 3232 292 3288 est
312 3225 370 3302 illi,
393 3226 540 3306 quoniam
563 3232 674 3288 contro
695 3233 842 3313 acturam
864 3225 935 3288 est?
978 3223 1015 3287 Et
1037 3225 1144 3287 iterum
1166 3222 1215 3285 di-

123 3340 180 3403 cit:
197 3335 231 3424 ³)
262 3337 373 3400 Mulier
395 3357 471 3402 cero
494 3339 523 3400 si
545 3338 681 3418 capillos
703 3337 834 3415 lebant,
866 3338 972 3420 pluria
994 3344 1042 3401 est
1062 3338 1119 3400 illi.
1163 3335 1216 3400 Est

124 3453 203 3516 enirn
227 3450 391 3543 secundum
412 3456 556 3530 naturam,
581 3451 719 3533 quoniam
742 3448 860 3531 quidam
879 3449 977 3533 capilli
994 3465 1049 3532 pro
1069 3446 1216 3512 velamine

123 3570 210 3642 sunt3
242 3563 301 3629 hoc
323 3568 369 3626 est
392 3561 470 3626 enim
491 3561 626 3626 naturale
648 3561 791 3625 velamen.
835 3561 996 3626 Personam
1016 3562 1106 3647 igitur
1127 3562 1215 3626 nobis

124 3685 156 3742 et
184 3677 315 3762 speeiem
345 3681 448 3755 natura
481 3676 545 3758 ipsa
579 3677 747 3757 dispensat,
781 3694 868 3756 quam
899 3693 1022 3740 servare
1055 3676 1214 3740 debemus:

123 3792 294 3874 utinamque
316 3752 566 3855 etfflnocentiam
593 3790 657 3854 eius
685 3788 837 3853 custodire
867 3807 1041 3873 possemus,
1072 3809 1129 3854 nee
1158 3807 1214 3855 ac·

125 3914 243 3990 ceptam
263 3911 366 3970 nostra
386 3903 495 3970 malitia
516 3903 656 3968 mumrett

195 4148 224 4218 ι)
244 4149 267 4201 r.
286 4144 500 4216 Μυκη.
580 4144 611 4215 a)
630 4144 653 4199 1.
673 4141 731 4198 cor.
751 4142 919 4214 rnmmp
998 4139 1151 4211 moue.
1171 4141 1213 4195 1⁵.
