2692 4666
319 345 364 400 DE
383 343 519 401 ortmcus
538 344 760 401 lllNlS'lllOllUll
777 343 873 399 Lmen
892 345 922 400 11.
1108 347 1169 414 139

77 509 108 570 in
130 508 197 570 sinu
218 526 294 571 meo.
339 509 375 572 Et
397 509 516 572 surrexi
539 525 636 586 mane,
658 514 690 570 ut
711 507 850 569 lactarem
874 508 1043 588 parvulum,
1067 514 1096 570 et
1118 508 1168 569 in-

77 622 149 684 veni
170 629 325 686 mortuum.
359 622 399 686 ,Et
422 620 611 685 consideravi
633 621 711 684 illum
735 620 864 684 diluculo
888 628 918 682 et
937 639 997 684 non
1014 620 1168 684 eratfilius

76 753 170 799 meus
208 737 245 800 Et
265 737 420 820 respondit
442 737 549 799 altera:
572 722 655 815 Non,
679 736 732 798 sed
754 736 831 799 filius
854 753 936 799 meus
964 741 1009 797 est
1031 735 1095 813 hic,
1119 735 1169 815 qui

77 851 167 928 vivit3
190 851 265 915 lilius
289 857 385 915 autem
407 856 475 913 tuus
500 851 550 932 qui
572 857 707 913 mortuus
732 857 785 913 est.

165 963 216 1029 45.
254 967 290 1030 Et
311 968 385 1030 haec
408 973 472 1030 erat
494 967 655 1045 eontentio,
675 984 745 1028 ‘cum
768 972 893 1046 utraque
915 963 1004 1025 lilium
1028 963 1083 1024 sibi
1099 963 1168 1024 vin-

79 1079 192 1143 dicaret
220 1083 423 1163 superstitem,
457 1079 627 1143 defunctum
657 1086 754 1142 autem
788 1097 874 1142 suum
908 1084 1040 1161 negaret.
1086 1077 1170 1139 Tune

78 1212 135 1256 rex
160 1196 251 1278 jussit
280 1195 390 1258 adferri
418 1195 604 1258 machaeram
635 1201 665 1257 et
691 1192 832 1257 iniantem
861 1192 952 1255 dividi
967 1210 1016 1287 ‘ac
1038 1190 1170 1272 singulas

78 1315 179 1391 partes
202 1308 266 1371 dari
288 1311 430 1394 singulm,
455 1310 601 1372 dimidiam
624 1309 673 1372 uni
696 1316 727 1371 et
749 1307 896 1370 dimidiam
920 1306 1012 1368 alteri.
1058 1303 1169 1366 Excla-

78 1427 138 1484 mat
151 1422 267 1502 mulier,
284 1443 361 1504 quae
378 1443 451 1487 vero
468 1429 532 1486 erat
547 1420 655 1485 allecto
670 1423 800 1503 percita:
824 1421 1026 1500 Nequaquam,
1041 1418 1169 1495 domine,

79 1535 220 1598 infantem
244 1536 356 1602 dividas
364 1559 373 1615 3
396 1539 481 1601 detur
503 1539 602 1619 potius
625 1537 681 1616 illi,
705 1543 734 1598 et
757 1537 852 1615 vivat,
875 1541 905 1596 et
927 1552 987 1596 non
1011 1533 1169 1597 interficias
1205 1574 1207 1582 »

80 1664 156 1713 eum.
202 1650 243 1714 m
265 1652 312 1715 illa
334 1653 489 1734 respondit
510 1654 619 1715 altera:
649 1652 753 1732 Neque
776 1668 877 1728 meus,
901 1668 999 1730 neque
1021 1647 1109 1711 liuius
1132 1648 1171 1710 sit

79 1763 194 1845 iulans,
225 1765 343 1830 dividite
367 1787 442 1829 eum.
488 1767 523 1828 Et
546 1768 646 1829 statuit
668 1784 725 1827 rex
748 1764 810 1826 dari
832 1763 972 1825 infantem
994 1763 1023 1826 ei
1046 1762 1170 1842 mulieri,

81 1897 157 1958 quae
181 1878 312 1942 dixerat:
336 1880 433 1943 Nolite
456 1879 623 1943 interficere
647 1899 725 1959 eum,
747 1878 801 1941 sed
822 1878 888 1940 date
908 1897 974 1940 eum
991 1877 1030 1939 illi
1046 1876 1169 1957 mulieri,

81 1991 149 2072 quia
172 1998 250 2056 mota
272 2001 349 2073 sunt,
372 1997 473 2077 inquil,
498 1991 616 2058 viscera
639 1997 703 2058 eius
727 1996 756 2056 in
779 1984 927 2056 filiasue.

167 2104 218 2171 46.
261 2107 362 2189 ltaque
392 2129 452 2173 non
483 2111 619 2173 inmerito
651 2111 821 2173 aestimatus
852 2116 897 2171 est
926 2107 1089 2169 intellectus
1122 2104 1170 2168 dei

80 2220 282 2301 incoasse,
316 2225 454 2304 quoniam
484 2242 561 2304 quae
592 2222 706 2286 occulta
738 2229 805 2285 sunt
837 2222 920 2284 deo‘?
966 2220 1042 2293 Quid
1073 2225 1170 2282 autem
1286 2279 1290 2285 .

81 2336 225 2399 occultius
254 2337 436 2402 internomm
468 2342 616 2402 viscerum
646 2340 832 2417 testimonio,
862 2339 892 2401 in
923 2355 999 2417 quae
1030 2334 1171 2415 sapientis

81 2450 246 2512 intellectus
278 2451 357 2514 velut
389 2450 506 2531 quidam
536 2451 652 2532 pietatis
684 2449 839 2513 descendit
870 2450 995 2526 arbiter,
1030 2453 1059 2509 et
1090 2445 1172 2508 velut

81 2564 227 2646 quandam
242 2566 376 2648 genitalis
393 2567 450 2629 alvi
465 2585 571 2629 vocem
590 2566 677 2645 eruit,
692 2567 760 2645 quia
773 2570 922 2626 maternus
935 2562 1026 2643 patuit
1037 2560 1170 2638 affectus,

81 2679 132 2758 qui
163 2679 296 2760 elegerat
323 2679 411 2742 lilium
443 2697 527 2742 suum
558 2679 606 2742 vel
629 2677 707 2759 apud
729 2678 853 2740 alienam
876 2676 997 2753 vivere,
1032 2692 1119 2754 quam
1141 2675 1172 2735 in

81 2798 244 2875 conspeetu
266 2794 499 2879 matrisfneeari.

168 2903 219 2969 47.
265 2907 431 2989 Sapientiae
453 2906 543 2988 igitur
565 2905 620 2968 luit
642 2905 766 2968 latentes
795 2902 979 2986 distinguere
1008 2901 1171 2965 consciam

82 3020 154 3100 tias,
185 3039 224 3082 ex
247 3022 369 3084 occultis
395 3039 502 3084 eruere
525 3021 680 3083 veritatem
704 3026 733 3082 et
755 3019 836 3082 velut
858 3000 982 3099 quadam
1004 3018 1171 3096 machaera,

80 3135 120 3197 ita
143 3135 262 3215 spiritus
285 3135 384 3219 gladio
407 3143 565 3217 penetrare
586 3153 647 3198 non
662 3135 758 3198 solum
773 3135 859 3214 uteri,
883 3134 1040 3196 sedetiam
1057 3134 1171 3195 animae

82 3255 112 3310 et
134 3249 239 3312 mentis
262 3251 396 3328 viscera3
428 3253 552 3314 iustitiae
576 3268 712 3332 quoque,
739 3258 772 3330 ut
794 3269 871 3331 quae
894 3267 979 3313 suum
1002 3252 1170 3326 necaverat,

81 3363 208 3426 alienum
231 3382 291 3427 non
313 3365 441 3445 tolleret,
464 3366 517 3429 sed
543 3385 613 3428 vera
632 3371 725 3428 mater
740 3368 889 3448 reciperet
904 3383 998 3428 suum.
1036 3363 1171 3444 Denique

81 3479 169 3539 etiam
192 3477 343 3567 Scriptura
365 3480 423 3543 hoc
450 3469 666 3564 pronuntiavit:
701 3479 848 3556 Audiuit,
881 3480 993 3567 inquit,
1010 3475 1039 3561 ¹)
1071 3477 1171 3541 omnis

80 3589 186 3653 lsrael
212 3594 272 3655 luoc
300 3591 468 3672 iudicium,
502 3597 586 3675 quod
614 3597 768 3658 iudicauit
789 3615 866 3671 rea,
900 3603 930 3656 ct
956 3585 1123 3657 timuerunt
1152 3612 1172 3654 a

79 3701 165 3781 facie
186 3707 287 3784 repta,
319 3725 355 3768 eo
379 3709 462 3787 quod
483 3710 656 3770 intellectus
679 3710 728 3772 dei
751 3710 784 3771 tn
807 3729 843 3771 eo
867 3715 961 3784 esset,
991 3715 1026 3768 ut
1050 3706 1173 3784 faceret

83 3817 243 3882 iustitium.
281 3819 416 3901 Denique
440 3827 469 3882 et
491 3821 555 3902 ipse
571 3820 709 3885 Salomon
721 3818 755 3905 2)
778 3823 817 3883 ita
838 3821 974 3903 poposcit
989 3821 1170 3901 sapientiam,

83 3936 114 3994 ut
137 3930 257 3995 daretur
279 3934 335 3996 sibi
359 3951 412 3998 cor
433 3934 565 4014 prudens
589 3934 692 3998 audire
715 3941 744 3997 et
765 3935 895 3999 iudicare
918 3954 984 4001 cum
1005 3933 1122 4003 iustitia.

89 4083 291 4094 -.—-——.

158 4173 183 4240 l)
202 4174 226 4229 3.
238 4175 302 4247 Rag.
322 4174 348 4243 3,
367 4175 408 4231 28.
480 4177 508 4242 2)
529 4175 591 4230 lbid.
610 4175 634 4230 9.
