2692 4666
535 357 561 408 s.
582 355 743 410 suanosrr.
1135 363 1177 427 ω

82 521 113 581 in
137 519 240 583 domos
250 519 404 582 clarissimi
428 518 575 599 quondam
612 521 666 581 viri
696 519 831 580 Decentii
854 525 898 596 et,
929 520 1010 601 quod
1043 528 1090 583 est
1111 539 1177 584 am-

82 634 168 716 plius,
192 633 366 710 Christiani,
403 637 550 709 maneret,
581 631 658 693 iilius
682 631 791 711 ipsius,
827 631 1011 711 Pansopltius
1047 635 1176 711 nomine,

83 747 239 811 admodum
263 747 420 829 parvulus,
451 765 516 807 oum
541 748 646 827 spiritu
669 746 809 808 inmundo
833 746 997 822 laboraret,
1030 745 1177 826 frequenti

83 862 218 924 oratione
249 867 279 922 et
307 859 486 940 inpositione
518 876 621 920 uranus
651 857 817 921 sacerdotis
848 858 941 937 ipsius
975 865 1021 919 est
1043 864 1175 931 sanatus,

81 973 135 1034 sed
160 979 227 1054 post
249 973 415 1051 aliquantos
437 971 500 1031 dies
525 971 619 1030 sirbita
644 970 808 1032 inlirrnitale
840 976 995 1050 correptus
1018 969 1176 1033 infantulus

82 1087 232 1149 exhalavit
255 1086 395 1166 spiritum.
441 1083 530 1146 Cuius
559 1092 652 1145 rnater
675 1084 759 1145 valde
783 1083 927 1165 religiosa
951 1091 980 1144 et
1008 1083 1095 1165 plena
1118 1084 1176 1146 lida

80 1220 115 1263 ac
139 1201 245 1262 timore
270 1198 318 1260 dei
353 1197 451 1261 ablato
485 1198 534 1258 illo
561 1199 599 1258 de
621 1200 778 1280 superiore
802 1204 885 1279 parte
908 1198 1012 1260 domus
1034 1198 1071 1260 ad
1096 1196 1176 1260 inle-

79 1315 159 1376 riora
184 1311 337 1375 deseendit
360 1321 450 1393 atque
474 1314 502 1374 in
527 1313 605 1374 lecto
629 1313 795 1375 sacerdotis
822 1315 888 1394 ipso
911 1313 1033 1375 absente
1056 1329 1175 1393 conpo-

78 1430 146 1490 suit.
192 1427 286 1500 Ouem
309 1445 375 1489 oum
398 1433 555 1488 revertens
578 1427 723 1489 sacerdos
746 1429 774 1487 in
799 1428 876 1488 lecto
904 1425 1069 1488 invenisset
1090 1420 1175 1505 (erat

79 1542 158 1603 enim
182 1539 232 1601 illo
256 1542 285 1602 in
311 1547 447 1622 ternpore
470 1549 554 1603 extra
571 1541 690 1604 doraum
712 1540 855 1623 positus),
878 1542 1034 1603 miseratus
1051 1546 1175 1601 matre·

78 1662 110 1718 et
132 1654 218 1716 iidem
243 1655 334 1736 ipsius
357 1657 582 1735 contemplatus,
605 1656 743 1718 Helisaeo
774 1640 875 1717 similis
895 1652 922 1737 ¹)
952 1670 1041 1734 supra
1065 1670 1175 1734 corpus

77 1768 198 1831 infantis
223 1770 345 1849 seipse
368 1771 525 1851 conposuit
548 1777 637 1851 atque
660 1769 773 1832 orando
790 1772 914 1856 premit,
938 1774 969 1830 ut
984 1769 1082 1829 vivoru
1098 1765 1174 1828 red-

78 1880 165 1942 deret
188 1883 281 1959 matri,
312 1899 399 1962 quern
423 1889 570 1944 rnortuurn
599 1884 763 1944 invenerat.
809 1881 855 1944 lld
889 1900 977 1962 quun
1008 1882 1094 1943 etiarn
1123 1882 1174 1942 in·
1237 1925 1244 1933 a

79 1994 221 2057 iantulum
256 1995 384 2057 libellum
414 1997 601 2077 conseripsit,
633 2003 665 2058 ut
695 1996 774 2077 quod
807 1985 862 2078 per
891 1998 995 2058 aetatis
1023 1994 1173 2059 infantiam
1261 2037 1263 2043 -

77 2109 157 2169 seire
191 2126 252 2170 non
289 2115 406 2191 poterat
436 2108 566 2191 legendo
596 2117 805 2191 cognosceret.
862 2110 1066 2172 Verumtamen
1099 2127 1173 2171 asa

78 2221 187 2284 factum
209 2221 327 2301 scriptis
358 2221 420 2284 suis
444 2238 503 2282 non
527 2223 783 2297 oomnternoravil3
815 2221 868 2284 sed
901 2240 960 2302 quo
983 2221 1090 2285 alleato
1115 2223 1173 2284 de-

78 2336 235 2398 clinaverit
258 2353 502 2413 commemorare,
526 2353 585 2397 non
611 2344 656 2396 est
679 2341 811 2398 nostrum
835 2336 973 2398 iudicare.

166 2445 219 2512 29.
263 2449 293 2510 lu
318 2448 422 2510 eadem
447 2449 533 2510 etiam
558 2449 676 2508 civitate
700 2447 848 2509 basilicam
871 2447 1032 2525 coustituit,
1062 2448 1089 2507 in
1114 2464 1171 2526 qua

79 2563 217 2645 deposuit
239 2562 379 2642 reliquias
402 2566 562 2642 nrartyruua
587 2560 686 2621 Vitalis
710 2567 739 2619 et
755 2559 925 2642 Agricolae,
949 2577 1073 2641 quorum
1099 2577 1172 2621 cor·-

78 2695 152 2759 pora
176 2678 205 2737 in
229 2675 410 2737 Bononiensi
433 2676 551 2743 civitate
575 2674 744 2749 levaverat;
767 2675 862 2754 posita
886 2674 964 2735 enim
987 2681 1073 2736 erant
1096 2691 1171 2736 cor·

80 2809 154 2871 pora
176 2800 336 2870 martyrum
359 2790 436 2850 inter
466 2806 593 2869 corporo
618 2788 808 2864 ludaeorum,
839 2806 895 2849 neo
927 2795 991 2850 erat
1022 2790 1172 2870 cognitum

80 2902 192 2983 populo
221 2903 403 2980 Christiano,
441 2904 496 2964 uisi
534 2921 568 2963 se
599 2903 693 2964 sancti
724 2907 868 2982 martyres
898 2900 1047 2963 sacerdoti
1078 2903 1172 2982 ipsius

79 3017 226 3079 ecclesiae
262 3018 454 3080 revelassent.
508 3017 591 3091 Quae
631 3035 696 3078 oum
735 3015 957 3097 deponerentur
988 3014 1042 3076 sub
1076 3014 1170 3092 altari,

78 3131 160 3212 quod
195 3139 243 3194 est
280 3135 309 3194 in
344 3133 447 3195 eadem
471 3133 591 3194 basilica
615 3133 820 3208 constitutum,
854 3147 959 3211 magna
992 3129 1051 3191 illio
1082 3130 1171 3190 totius

77 3247 174 3329 plebis
197 3254 316 3309 sanotae
339 3247 449 3310 laetitia
478 3255 568 3328 atque
599 3247 757 3309 exsultatio
787 3245 840 3307 iuit
870 3262 965 3326 poena
995 3242 1171 3322 daemonum

77 3360 277 3423 confitentium
300 3367 459 3442 martyrum
482 3362 593 3422 merita.
885 3358 888 3363 ’

166 3472 216 3539 30.
263 3476 317 3538 Per
339 3476 416 3538 idem
440 3483 555 3558 tempus
571 3476 757 3558 Arbogastes
774 3491 874 3536 coines
890 3471 1035 3534 adversus
1051 3475 1170 3551 pentem
1193 3554 1196 3560 ἕ

77 3609 180 3668 suam,
212 3590 271 3652 lroo
292 3595 354 3667 est,
388 3589 585 3666 Francorum,
617 3587 724 3651 bellurn
757 3585 871 3666 paravit
900 3587 988 3662 atque
1011 3579 1169 3664 pugnando

77 3721 140 3766 non
164 3719 284 3783 parvam
300 3701 513 3764 multitudinem
536 3719 624 3763 manu
649 3699 731 3776 ludit,
755 3717 819 3760 curn
836 3697 962 3759 residuis
979 3713 1051 3757 vero
1066 3713 1170 3775 pacem

14 3812 17 3819 ’
77 3815 212 3879 firmavit.
257 3815 316 3880 Sed
347 3835 412 3879 oum
443 3817 472 3878 in
503 3817 642 3879 convivio
665 3833 681 3876 a
704 3813 826 3896 regibus
856 3812 954 3895 gentis
977 3829 1048 3873 suae
1071 3810 1168 3872 intor-

76 3936 257 4012 rogaratur,
292 3918 404 3992 utrum'
420 3930 511 3992 sciret
540 3928 747 4006 Ambrosium,
785 3933 815 3991 et
844 3926 1047 4010 respondisset
1078 3942 1168 3991 nosse

78 4080 283 4096 ψ

150 4175 177 4239 1)
196 4172 221 4226 4.
241 4171 304 4243 fleg.
323 4173 349 4239 4,
369 4175 401 4226 17
420 4189 493 4244 seqq.
