2692 4666
174 334 237 398 222
621 330 646 382 S.
666 329 822 384 Aliltltdsn

174 489 348 565 turnoliosa3
376 489 551 550 sicutenim
576 488 753 552 adulationis
777 488 908 571 fugitans
932 489 1057 552 amicitia
1081 489 1172 552 debet
1193 508 1275 571 esse,

173 604 212 666 ita
236 604 322 666 etiarn
348 602 443 664 aliena
466 602 651 665 insolentiae.
698 604 774 676 Quid
795 610 841 666 est
861 604 939 665 enim
962 605 1090 684 amicus,
1113 604 1170 668 nisi
1193 623 1275 670 con·

173 733 241 778 sors
266 715 390 793 amoris,
425 714 462 776 ad
485 732 573 793 quem
597 715 722 776 animum
746 721 826 776 tuum
850 715 994 798 adiungas
1028 723 1116 798 atque
1139 719 1275 801 adplices

174 834 204 890 ει
236 830 274 890 ita
304 829 447 907 misceas,
481 836 512 890 ut
534 846 624 890 unum
648 829 722 890 velis
745 829 810 891 lieri
834 848 873 891 ox
896 829 1029 910 duobus,
1063 832 1111 893 cui
1134 838 1165 894 te
1188 832 1275 895 alteri

173 944 224 1007 tibi
255 944 434 1021 committas,
471 961 569 1024 aquo
601 943 672 1005 nihil
702 945 823 1022 timeas,
857 945 928 1006 nihil
960 946 1025 1026 ipse
1054 945 1201 1007 commodi
1231 947 1275 1009 tui

173 1073 262 1120 causa
293 1056 480 1119 inhonestum
513 1056 623 1138 petas?
668 1056 735 1118 Non
767 1057 844 1119 enirn
873 1057 1030 1140 vectigalis
1061 1059 1188 1120 amicitia
1218 1064 1273 1138 est,

173 1170 227 1233 sed
257 1171 344 1251 plena
374 1171 512 1247 decoris,
543 1170 630 1251 plena
659 1171 782 1251 gratiae.
828 1171 928 1233 Virtus
952 1177 999 1232 est
1029 1172 1107 1232 enim
1136 1171 1273 1250 amicitia,

174 1300 235 1347 non
259 1291 420 1364 quaestus,
444 1283 511 1363 quia
536 1301 597 1345 non
616 1285 741 1364 pecunia
762 1285 889 1364 paritur,
914 1283 967 1345 sed
991 1285 1101 1364 gratia3
1124 1302 1182 1346 nec
1204 1283 1274 1345 lici-

173 1398 285 1460 tatione
309 1399 490 1478 pretiorum,
513 1396 567 1458 sed
590 1398 815 1459 concertatione
837 1396 1066 1459 benivolentiae.

264 1507 334 1572 135.
381 1510 516 1590 Denique
539 1512 681 1574 meliores
704 1511 848 1574 amicitiae
864 1517 932 1573 sunt
948 1513 1067 1590 inopum
1088 1509 1274 1590 plerumque,

174 1641 260 1703 quam
284 1621 420 1701 divitum,
452 1631 482 1686 et
504 1624 678 1705 frequenter
704 1625 811 1687 divites
834 1626 898 1688 sine
922 1624 1022 1686 amicis
1046 1628 1132 1701 sunt,
1166 1623 1274 1702 quibm

173 1735 322 1798 abundant
344 1754 501 1817 pauperes.
539 1737 607 1799 Non
624 1743 669 1799 est
686 1739 762 1798 enim
782 1754 855 1798 vera
879 1736 1020 1812 amicitia,
1043 1732 1093 1795 ubi
1115 1739 1163 1795 est
1183 1732 1275 1795 fallax

173 1847 310 1911 adulatio.
355 1847 502 1909 Divitibus
525 1849 625 1929 itaque
653 1849 789 1931 plerique
819 1848 1020 1909 adsentatorie
1051 1847 1273 1928 gratificantur:

173 1979 246 2044 erga
269 1978 431 2042 pauperem
454 1979 541 2023 nemo
569 1961 722 2023 simulator
744 1967 798 2024 est.
843 1960 953 2023 Verum
977 1965 1024 2022 est
1047 1957 1191 2040 quidquid
1215 1934 1275 2021 de-

172 2071 267 2136 fertur
291 2074 413 2154 pauperi
420 2093 430 2148 ;
453 2072 540 2135 huius
563 2074 688 2136 amicitia
712 2071 820 2134 invidia
842 2077 936 2135 vacat.

265 2182 335 2248 136.
381 2183 457 2258 Ouid
481 2185 606 2245 amicitia
634 2184 815 2265 pretiosius,
850 2202 927 2263 quae
960 2181 1075 2263 angelis
1107 2182 1274 2243 communis

174 2304 204 2359 et
227 2296 393 2360 hominibus
418 2299 486 2360 est‘l
522 2297 607 2358 Unde
630 2297 766 2360 dominus
789 2297 873 2359 lesus
897 2295 983 2358 dicit:
1004 2292 1032 2377 ¹)
1056 2294 1163 2356 Facite
1182 2294 1275 2357 codis

174 2412 292 2474 anticos
315 2412 354 2472 de
376 2412 485 2490 iniquo
513 2430 708 2487 monimonc,
743 2412 796 2491 qui
825 2395 984 2489 rccipiunt
1005 2427 1063 2470 coc
1086 2408 1120 2469 in
1143 2413 1275 2469 aeterna

174 2521 378 2584 tabernacula
409 2541 477 2584 suc.
522 2522 589 2603 lpse
620 2539 677 2585 ncs
706 2522 781 2584 deus
814 2523 926 2584 amicos
960 2539 999 2582 ex
1030 2520 1159 2582 servulis
1193 2519 1272 2598 tacit,

173 2635 337 2716 sicutipse
360 2636 413 2696 ait:
431 2631 465 2717 ²)
499 2635 564 2697 lom
586 2655 643 2699 cos
666 2637 760 2699 amici
781 2639 840 2698 mei
863 2638 954 2712 εειὶε,
978 2633 1169 2711 adieceritis
1193 2651 1273 2713 quae

174 2767 230 2829 epo
250 2749 415 2828 praecipio
438 2749 536 2811 codic
581 2749 669 2810 [ledit
694 2749 818 2813 formam
848 2750 1009 2826 amicitiae,
1040 2765 1127 2828 quam
1157 2763 1271 2826 sequa·

173 2878 248 2937 mur,
273 2865 304 2922 ut
318 2860 458 2922 iaciamus
478 2861 563 2922 amici
583 2861 774 2940 voluntatem,
798 2862 1012 2942 utaperiamus
1035 2864 1152 2920 secreta
1168 2862 1272 2920 nostra

173 2971 288 3049 amico,
315 2989 521 3053 quaecumque
543 2972 572 3033 in
595 2978 719 3053 pectore
742 2973 900 3050 habemus,
925 2980 956 3034 et
976 2970 1057 3034 illius
1078 2988 1189 3032 arcana
1210 2985 1271 3032 non

172 3083 354 3165 ignoremus.
400 3082 598 3147 Ostendemus
620 3083 661 3144 illi
683 3101 739 3147 nos
762 3090 868 3166 pectus
889 3091 1041 3161 nostrum,
1065 3087 1095 3143 ει
1114 3081 1164 3144 ille
1183 3081 1269 3144 nobis

173 3197 287 3276 aperiat
301 3214 396 3258 suurn.
440 3195 533 3273 Ideo,
557 3196 665 3276 inquit,
682 3192 715 3278 ³)
737 3215 793 3259 cos
810 3197 882 3258 dicei
896 3197 1029 3272 amicos,
1054 3195 1130 3274 poia
1152 3193 1269 3270 omnio,

172 3324 382 3388 quaecamque
416 3309 526 3371 audiui
556 3327 576 3370 a
604 3317 695 3389 patre
726 3328 812 3388 meo,
847 3319 923 3372 notu
950 3308 1015 3386 feci
1046 3306 1147 3370 codis.
1192 3305 1268 3368 Nihil

172 3438 248 3503 ergo
280 3422 410 3485 occultat
438 3423 569 3501 amicus,
602 3422 628 3484 si
650 3440 741 3486 verus
765 3431 827 3499 est3
861 3422 985 3485 effundit
1013 3421 1142 3482 animum
1171 3435 1267 3497 suun,

173 3533 249 3595 sicut
271 3533 441 3595 effundebat
462 3534 605 3615 mysteria
627 3536 718 3615 patris
742 3533 878 3597 dominus
900 3533 993 3596 lesus.

262 3641 333 3707 137.
377 3642 460 3724 Ergo
492 3646 542 3724 qui
573 3644 642 3706 iacit
670 3643 804 3706 mandata
835 3642 901 3722 dei,
935 3643 1046 3706 amicus
1076 3646 1122 3703 est
1151 3646 1182 3702 et
1210 3639 1267 3702 hoc

173 3754 340 3819 honoratur
362 3757 490 3819 nomine.
536 3757 592 3829 Oui
616 3762 661 3818 est
684 3758 844 3833 unanimis,
874 3759 938 3838 ipse
960 3760 1072 3818 amicus
1095 3762 1161 3833 est,
1189 3750 1265 3834 quod

173 3869 270 3929 unitas
293 3869 458 3930 animorum
479 3867 511 3927 in
533 3867 633 3930 amicis
657 3871 711 3946 εἰη
742 3886 843 3950 neque
871 3871 1027 3951 quisquam
1056 3866 1265 3943 detestabilior,

245 4111 273 4178 1)
291 4109 353 4166 uae.
368 4110 411 4181 ιε,
427 4111 454 4166 a.
524 4110 553 4178 a)
571 4111 658 4168 roam.
679 4114 720 4182 ιε,
741 4115 782 4168 u.
853 4115 884 4187 a)
900 4115 964 4169 un.
983 4115 1026 4182 15,
1045 4115 1088 4170 ει.
