2692 4666
337 316 382 369 DE
401 313 537 371 crotous
556 312 778 368 ministrorum
796 311 892 366 LIBER
910 312 929 365 1.
1116 315 1178 380 115

470 549 639 615 CAPUT
676 547 797 613 XLIX.

85 719 134 770 Hie
157 715 309 769 servandam
334 716 360 766 in
384 714 458 766 nobis
482 716 602 765 virtutum
625 714 776 780 imaginem,
806 711 901 763 dioboli
925 726 987 763 vero
1014 719 1040 762 et
1063 711 1181 763 vitiorum

87 803 242 857 eradendam
259 810 335 872 atque
353 803 379 852 in
396 802 481 869 primis
495 802 627 864 avaritiae,
647 815 713 868 quae
731 798 872 850 libertatem
891 798 964 849 nobis
982 798 1069 851 adimit
1087 800 1182 853 variis·

306 907 355 960 que
374 889 489 942 turbatos
508 890 659 941 vanitatibus
678 889 788 956 imagine
808 885 849 937 dei
868 887 968 954 spoliat.
1005 904 1011 922 ¹

176 1049 249 1116 240.
294 1051 392 1135 Ergo,
417 1050 484 1112 dom
507 1050 554 1112 hio
578 1066 694 1126 snmuS,
718 1067 872 1110 servemus
896 1048 1065 1130 imaginem,
1088 1057 1120 1111 ut
1143 1049 1184 1111 ibi

90 1167 301 1247 perveniamus
324 1165 361 1227 ad
385 1164 547 1226 veritatem.
594 1164 636 1226 Sit
664 1165 693 1224 in
726 1162 812 1224 nobis
842 1164 940 1245 imago
970 1164 1115 1243 iustitiae,
1147 1165 1185 1227 sit

89 1281 190 1364 imago
214 1279 393 1360 sapientiae,
426 1276 494 1355 quia
525 1275 661 1336 venietur
692 1274 729 1336 ad
759 1275 839 1336 iilum
869 1273 946 1335 diem
969 1281 999 1336 et
1020 1274 1185 1337 seeundum

91 1391 251 1474 imaginem
273 1388 498 1452 aestimabimur.
1159 1376 1161 1384 '

179 1500 252 1567 241.
297 1503 363 1565 Non
396 1501 528 1564 inveniat
560 1502 591 1562 in
625 1508 653 1564 te
685 1501 875 1564 adversarius
906 1502 1064 1585 imaginem
1093 1520 1186 1582 suam,

93 1635 156 1680 non
177 1616 308 1692 rabiem,
340 1632 401 1676 non
432 1612 582 1688 furorem3
615 1614 643 1673 in
666 1614 712 1675 his
735 1615 814 1676 enim
838 1615 936 1697 imago
959 1616 1108 1697 nequitiae
1131 1622 1185 1679 est

94 1730 294 1794 Adversarius
328 1729 406 1789 enim
440 1726 574 1788 diabolus
605 1727 681 1787 sicut
716 1728 764 1789 loo
796 1729 918 1810 rugiens
951 1730 1067 1809 quaerit
1098 1747 1187 1811 quem

94 1843 221 1923 occidat,
245 1861 333 1922 quem
355 1839 491 1902 devoret.
508 1837 535 1922 ¹)
574 1840 642 1902 Non
665 1841 796 1902 inveniat
819 1843 884 1903 auri
907 1843 1102 1924 cupiditatem,
1126 1861 1187 1906 non

96 1958 213 2041 argenti
236 1975 372 2035 acervos,
395 1974 457 2018 non
480 1955 619 2016 vitiorum
642 1956 807 2034 simulacra,
832 1975 870 2017 no
887 1955 1001 2019 auferat
1016 1958 1066 2019 tibi
1082 1975 1187 2020 vocem

95 2073 248 2136 libertatis.
293 2072 361 2134 Vox
389 2073 467 2132 enim
496 2070 638 2132 libertatis
669 2070 718 2132 illa
746 2078 808 2148 est,
840 2078 873 2133 ut
901 2069 998 2133 dicas:
1015 2067 1047 2155 ²)
1084 2071 1190 2133 Veniet

96 2187 190 2250 buius
220 2187 327 2248 mundi
355 2185 505 2263 princeps
536 2192 566 2244 et
595 2185 627 2242 in
657 2205 703 2244 me
735 2185 872 2245 inueniet
900 2186 1000 2246 nteit·
1032 2186 1132 2266 ltaque
1162 2185 1188 2250 si

98 2317 223 2363 securus
247 2316 290 2377 es,
313 2296 393 2379 quod
416 2296 486 2359 nibil
509 2299 538 2358 in
562 2304 591 2358 to
615 2299 763 2376 inveniat,¹
778 2316 844 2360 cnm
860 2300 977 2361 venerit
998 2300 1188 2380 perscrutari,

100 2414 182 2475 dices
205 2411 276 2474 illud
300 2411 381 2492 quod
404 2411 477 2472 dixit
499 2410 536 2472 ad
551 2411 650 2474 Laban
674 2413 761 2474 lacob
780 2409 1006 2496 patriarcha:³)
1032 2414 1190 2494 Cognosce

98 2528 129 2589 si
159 2527 236 2606 quid
266 2533 387 2589 tuorum
416 2534 462 2586 est
491 2527 577 2603 apud
603 2545 659 2587 me.
705 2527 810 2589 bierito
840 2528 942 2589 beatus
972 2526 1079 2606 Iacob,
1112 2525 1191 2609 apud

99 2659 188 2723 quem
218 2640 289 2703 nibil
317 2639 417 2701 Laban
450 2656 535 2700 suurn
566 2639 662 2719 potnit
689 2640 832 2719 reperire.
876 2638 1084 2704 Absconderat
1113 2640 1191 2702 anim

97 2756 210 2820 Rachel
232 2755 387 2819 simulacra
411 2753 535 2816 deorum
558 2753 622 2817 eius
646 2773 736 2816 aurea
759 2760 788 2816 et
811 2762 962 2836 argentea.

186 2865 260 2934 242.
304 2869 406 2951 ltaque
429 2870 455 2932 si
478 2870 632 2950 sapientia,
655 2871 681 2930 si
703 2869 787 2949 fides,
811 2871 836 2932 si
860 2876 1046 2952 contemptus
1069 2872 1191 2952 saecuti,

98 2987 126 3049 si
153 2985 247 3068 gratia
274 2993 323 3048 toa
351 2984 515 3048 abscondat
543 3002 659 3046 omnem
688 2984 853 3065 perfidiam,
886 2987 989 3050 beatus
1019 2987 1093 3066 eris,
1124 2987 1192 3067 quia

98 3116 162 3163 non
191 3099 316 3180 respicis
347 3099 376 3161 in
399 3099 546 3161 vanitates
570 3104 600 3159 et
622 3099 752 3161 insanias
776 3098 874 3161 falsas.
892 3094 925 3180 ⁴)
969 3099 1018 3162 An
1039 3099 1192 3164 mediocre

99 3220 149 3276 est
168 3212 275 3276 toliere
299 3230 404 3276 vocem
427 3210 613 3291 adversario,
636 3220 668 3275 ut
689 3212 834 3295 arguendi
850 3220 880 3275 te
895 3230 954 3276 non
971 3215 1065 3295 possit
1079 3212 1192 3276 habere

98 3326 329 3390 auctoritatem?
374 3326 475 3406 ltaque
498 3328 632 3406 quinon
655 3328 777 3409 respicit
799 3328 828 3390 in
854 3327 1007 3408 vanitates,
1030 3347 1093 3391 non
1114 3345 1192 3415 oon-

98 3441 251 3518 tartaron
285 3443 336 3521 qui
366 3442 443 3504 enim
472 3441 808 3521 respiciteonnrbanr
831 3449 862 3504 et
885 3443 1041 3505 vanissime
1064 3441 1191 3524 quidem

100 3553 179 3630 Quid
210 3560 255 3618 est
285 3555 361 3617 enim
394 3571 582 3636 congregare
614 3572 706 3635 opes,
738 3556 795 3616 nisi
823 3573 948 3635 vanum,
982 3556 1051 3636 quia
1081 3553 1193 3618 caduca

99 3688 248 3751 quaerere
276 3688 383 3731 vanum
414 3675 459 3731 est
488 3669 582 3730 satis‘?
628 3667 700 3732 Cum
728 3677 826 3733 autem
855 3669 1107 3755 congregaveris,
1142 3668 1192 3750 qui

99 3785 179 3847 scias
202 3802 240 3845 an
262 3782 420 3865 possidere
442 3783 530 3845 liceat
551 3783 628 3844 tibi‘?

189 3893 261 3961 243.
306 3896 412 3960 Nonne
435 3915 541 3959 vanum
564 3903 610 3959 est
640 3905 671 3960 ut
701 3905 849 3961 mercator
871 3898 1007 3962 noctibus
1031 3916 1066 3961 ac
1088 3897 1192 3961 diebus

102 4055 308 4063 -——-—..

174 4141 201 4207 1)
222 4137 320 4194 aman.
333 4141 359 4208 ⁵,
372 4139 397 4192 8.
432 4141 461 4207 2)
479 4140 566 4193 loann.
582 4141 676 4207 td,30.
714 4140 742 4206 3)
759 4140 820 4194 Gen.
834 4140 877 4206 31,
891 4141 933 4192 32.
968 4140 1191 4207 ornandus.

931 4238 985 4305 8⁴0
