2692 4666
185 359 192 372 ι
215 340 257 407 98
655 339 681 393 s.
701 335 855 393 nnnosn

215 498 413 578 astabimus,
445 500 737 580 exercendarum,
772 499 944 564 stabilienda
967 499 1004 563 ad
1028 503 1242 581 constantiam,
1271 508 1304 565 ut

213 614 300 678 nullis
322 613 489 695 perturbari
512 615 626 678 animus
648 616 743 697 possit
765 615 947 695 terroribus,
974 615 1061 679 nullis
1085 615 1183 702 frangi
1205 615 1302 681 mole-

214 730 292 809 stiis,
314 721 401 794 nullis
423 727 574 810 suppliciis
594 727 712 790 cedere.
758 728 841 801 Quae
867 726 985 790 difficile
1007 729 1125 810 quidem
1146 730 1301 794 sustinen-

212 851 259 908 tur
268 866 277 922 ;
300 844 354 907 sed
371 844 438 925 quia
454 845 550 907 omnia
568 843 709 926 supplicia
725 844 896 925 graviorum
913 844 1121 926 suppliciorum
1144 844 1303 908 vincuntur

211 959 376 1038 formidine,
398 957 477 1039 ideo,
500 959 526 1022 si
549 957 673 1022 consilio
696 955 796 1020 firmos
818 959 945 1022 animuin
968 963 1059 1040 mum,
1081 977 1139 1022 nee
1153 976 1171 1024 a
1187 960 1301 1023 ratione

211 1072 420 1136 discedendum
444 1079 531 1155 putes
554 1078 583 1137 et
605 1091 755 1155 proponas
778 1071 870 1135 divini
892 1072 991 1137 iudicii
1016 1081 1142 1154 metum,
1165 1072 1301 1156 perpetui

210 1188 344 1270 supplicii
367 1193 530 1265 tormenta,
556 1193 641 1268 potes
666 1187 753 1248 animi
776 1188 876 1250 subire
897 1189 1091 1251 tolerantiam.

300 1301 369 1368 189.
414 1301 479 1366 Ηοε
500 1301 590 1384 igitur
612 1300 783 1383 diligentiae
806 1308 861 1380 est,
885 1309 916 1364 ut
939 1303 1005 1382 quis
1027 1303 1066 1365 ita
1086 1319 1121 1366 se
1143 1309 1300 1384 conparet3

209 1420 280 1483 illud
311 1416 441 1500 ingenii,
476 1416 501 1477 si
530 1415 596 1494 quis
626 1420 724 1496 potest
754 1415 861 1496 vigore
890 1416 998 1478 mentis
1022 1416 1201 1496 praevidere
1224 1435 1302 1499 quae

209 1533 306 1596 lutura
328 1538 398 1594 sunt
420 1536 450 1592 et
471 1535 617 1608 tamquam
639 1535 707 1590 ante
734 1528 838 1591 oeulos
860 1529 980 1609 locare,
1007 1529 1077 1611 quid
1099 1531 1194 1613 possit
1216 1533 1300 1595 acci-

208 1646 281 1709 dere
300 1643 416 1725 etquid
439 1661 530 1727 agere
553 1642 674 1722 debeat,
696 1645 721 1704 si
744 1644 782 1705 ita
806 1644 963 1723 acciderit,
987 1643 1128 1723 definire;
1150 1645 1299 1710 interdum

210 1759 268 1824 duo
291 1765 320 1821 ct
342 1758 397 1820 tria
423 1757 508 1819 simul
541 1757 665 1819 volvere
695 1758 809 1836 animo,
840 1775 916 1838 quae
947 1759 1073 1823 coniciet
1102 1767 1152 1824 aut
1181 1759 1299 1842 singula

92 1950 97 1961 .
208 1879 257 1938 aut
288 1872 444 1935 coniuncta
474 1868 611 1932 accidere
642 1886 733 1950 posse
762 1875 792 1931 et
821 1876 870 1932 aut
900 1871 1023 1952 singulis
1054 1878 1104 1934 aut
1132 1872 1298 1936 coniunctis

207 1988 366 2070 disponere
388 1990 487 2063 actus,
511 2000 586 2064 quos
609 1984 760 2066 intellegat
781 1961 963 2064 profuturos.

295 2097 364 2164 190.
408 2097 504 2161 Fortis
532 2114 607 2178 ergo
630 2102 677 2158 est
701 2098 755 2160 viri
779 2114 839 2160 uon
863 2097 1064 2178 dissimulare,
1098 2117 1164 2162 curn
1187 2099 1295 2182 aliquid

206 2213 372 2292 immineat,
402 2211 455 2276 sed
479 2209 676 2292 praetendere
699 2217 729 2273 et
751 2217 897 2292 tamquam
921 2213 1079 2294 epplorare
1109 2213 1148 2275 dc
1174 2214 1296 2297 specula

207 2326 330 2410 quadam
359 2327 465 2389 mentis
488 2331 518 2387 et
540 2325 662 2387 obviare
694 2325 875 2408 cogitatione
904 2326 1029 2408 prouida
1060 2328 1150 2390 rebus
1177 2326 1294 2407 futuris,

205 2461 243 2506 ne
266 2443 344 2506 forte
367 2441 443 2504 dicat
472 2446 595 2522 postea:
627 2439 698 2502 Ideo
729 2440 784 2502 ista
807 2439 912 2519 incidi,
944 2443 1012 2523 quia
1041 2459 1102 2504 non
1131 2443 1295 2505 arbitrabar

204 2573 295 2638 posse
317 2555 447 2618 evenire.
492 2552 628 2634 Denique
651 2555 708 2615 nisi
730 2555 925 2636 explorentur
946 2555 1092 2635 adversa,
1115 2555 1173 2619 cito
1198 2573 1293 2619 occu·

204 2677 280 2753 pant.
325 2670 362 2731 Ut
383 2671 413 2732 in
434 2666 514 2730 bebo
542 2667 710 2748 inprovisus
740 2667 834 2732 bostis
856 2669 907 2730 vix
930 2668 1091 2732 sustinetur
1120 2676 1166 2749 et,
1197 2670 1223 2733 si
1244 2669 1294 2731 in-

204 2792 324 2867 paratos
346 2783 494 2861 inveniat‚
516 2780 602 2843 facile
626 2783 778 2863 opprimit,
802 2783 840 2844 ita
864 2784 991 2846 animum
1012 2785 1087 2848 mala
1109 2783 1294 2866 inexplorata

203 2898 269 2981 plus
293 2897 440 2982 frangunt.
1284 2967 1296 2979 ‚

294 3008 363 3077 191.
407 3010 439 3072 In
461 3010 506 3072 bis
529 3010 619 3092 igitur
641 3008 758 3072 duobus
781 3010 830 3071 illa
853 3017 900 3073 est
923 3010 1009 3072 animi
1036 3011 1231 3090 excellentia,
1263 3016 1295 3073 ut

203 3128 326 3211 primurn
359 3127 472 3190 animus
505 3130 571 3187 tuus
604 3125 690 3188 bonis
729 3126 877 3189 exercitus
917 3124 1147 3210 cogitationibus
1183 3122 1293 3187 mundo

204 3242 296 3306 corde
325 3240 404 3323 quod
433 3259 536 3303 verum
568 3248 598 3304 et
631 3241 788 3304 honestum
824 3248 870 3304 est
904 3240 1000 3306 videat
1030 3239 1130 3315 (beati
1148 3235 1179 3323 ¹)
1217 3240 1294 3301 enim

203 3355 316 3419 mundo
348 3356 458 3434 corde,
489 3353 564 3433 quta
592 3354 654 3432 ipsi
685 3355 779 3415 ettam
809 3355 898 3416 deum
920 3353 1113 3432 ¹videbunt),
1136 3355 1233 3435 {atque
1254 3352 1294 3431 id,

203 3468 283 3551 quod
305 3469 460 3532 honesturn
483 3473 547 3547 est,
570 3467 665 3530 solum
689 3467 798 3532 bonum
821 3468 948 3550 iudicet,
980 3468 1088 3533 deiude
1110 3468 1198 3533 nullis
1220 3486 1295 3550 per-

203 3585 338 3675 turbetur
363 3581 623 3664 occupationibus,
646 3581 734 3645 nullis
757 3582 964 3666 cupiditatibus
986 3582 1132 3676 fluctuet..

293 3693 361 3761 192.
405 3697 510 3778 Neque
540 3696 665 3759 veroid
689 3695 952 3778 facilequisquam
984 3696 1062 3760 facit.
1108 3695 1186 3771 Quid
1216 3695 1294 3759 enim

203 3819 261 3875 ιειε
284 3811 419 3890 difficile,
449 3828 535 3891 quam
558 3809 705 3891 dispicere
729 3817 875 3893 tamquam
894 3822 937 3873 'ex
959 3829 1030 3874 aroc
1050 3809 1147 3892 aliqua
1170 3809 1293 3892 sapien-

203 3925 261 3989 tiae
283 3943 356 4009 opes
382 3925 496 4007 aliaque
526 3924 641 4004 omnia,
676 3941 754 4006 quae
784 3925 936 4007 plerisque
965 3924 1104 3988 videntur
1131 3941 1242 4010 magna
1264 3928 1294 3988 ει

274 4167 302 4236 1)
320 4165 406 4219 boob.
424 4166 450 4233 5,
468 4165 493 4219 8,
