2692 4666
126 325 191 392 148
575 319 602 373 S.
620 317 775 372 nubnosn

125 501 187 547 non
202 481 329 546 redemit
343 481 524 562 ubertatem,
547 481 760 564 prospicientia
774 479 864 544 totius
880 475 1011 561 Aegypti
1026 495 1082 560 per
1098 482 1226 560 septen·

124 598 207 661 nium
229 595 338 660 samem
359 594 497 676 reppulit.

212 707 263 774 75.
307 708 407 772 Facile
426 715 523 772 autem
545 708 672 790 pecunia
694 707 892 786 consumitur,
925 704 1050 769 consilia
1071 702 1227 771 exhauriri

123 820 269 884 nesciunt.
313 819 395 882 Haec
417 837 474 883 usu
497 826 643 903 augentur
649 840 659 896 ;
681 819 808 901 pecunia
830 819 971 882 minuitur
992 823 1023 881 et
1044 819 1104 880 cito
1128 816 1227 880 delicit

123 939 214 1013 atque
236 933 330 1014 ipsam
353 930 483 994 destituit
506 931 734 1014 benignitatem,
757 938 788 994 ut
811 948 870 1012 quo
893 931 1026 1012 pluribus
1045 929 1151 1013 largiri
1165 945 1226 991 vo·

122 1045 231 1125 lucris,
264 1064 302 1108 eo
331 1046 490 1128 pauciores
523 1043 647 1108 adiuves
679 1049 709 1105 et
736 1061 828 1125 saepe
859 1043 911 1106 tibi
942 1043 1019 1106 desit
1048 1041 1130 1129 qupd
1161 1040 1226 1104 aliis

124 1156 340 1221 conferendum
373 1155 535 1237 putaveris.
596 1152 718 1216 Consilii
751 1160 850 1215 autem
884 1154 1045 1235 operisque
1078 1134 1226 1232 “oculatim

123 1288 184 1351 quo
207 1271 237 1333 in
259 1271 360 1352 plures
383 1267 575 1346 diffiduntur,
607 1284 644 1330 eo
667 1266 883 1330 redundantior
912 1270 1012 1329 manet
1034 1267 1115 1328 etin
1139 1282 1226 1328 suum

112 1381 236 1444 'iontem
259 1382 396 1443 recurrit,
434 1380 466 1441 lu
484 1398 519 1443 se
534 1379 612 1441 enim
634 1377 734 1440 relluit
755 1378 874 1441 ubertas
899 1376 1092 1458 prudentiae,
1116 1381 1147 1439 et
1165 1392 1226 1456 quo

122 1494 257 1576 pluribus
279 1493 415 1571 fluxerit,
439 1509 477 1555 eo
501 1492 664 1554 exercitius
686 1490 718 1553 lit
739 1508 843 1570 omne,
867 1488 948 1571 quod
970 1492 1113 1552 rembnet.

523 1722 694 1789 eaeor
731 1722 825 1789 xvi.
1043 1676 1129 1789 tp?

122 1887 226 1939 blodum
246 1889 272 1939 in
290 1886 442 1939 liberalitato
470 1885 640 1951 servandum,
666 1901 699 1937 ns
718 1868 885 1957 profundat&
901 1887 927 1936 in
944 1885 1062 1955 indignos
1089 1885 1161 1955 quod
1184 1883 1226 1935 di-

122 1974 252 2042 gnioribus
271 1973 425 2037 debebatur3
445 1988 497 2024 non
515 1980 599 2024 umen
615 1973 689 2026 nimis
707 1988 785 2040 parco
803 1989 835 2024 ac
851 1973 940 2024 timide
955 1971 1132 2026 ministrandas
1151 1971 1225 2023 elec·

122 2065 255 2127 mosynas,
287 2058 333 2111 sod
357 2059 504 2111 imitandum
529 2059 632 2111 beatum
659 2058 766 2126 losspb,
794 2061 867 2114 cuius
892 2059 1026 2128 prudentia
1046 2057 1227 2128 prolixioribus

521 2146 606 2200 verbis
626 2147 824 2201 commendatur.

211 2286 261 2352 76.
307 2287 414 2368 Liquet
443 2288 533 2370 igitur
564 2288 677 2352 debere
703 2306 773 2353 esse
801 2289 984 2353 liberalitatis
1014 2287 1152 2368 modum,
1186 2306 1225 2351 ne

121 2400 181 2465 liat.
201 2400 312 2467 inutilis
338 2401 479 2482 largitas,
510 2401 596 2464 cuius
625 2402 776 2466 sobrietas
803 2401 933 2466 bnenda
961 2410 1025 2482 est,
1055 2401 1224 2466 maximoe

122 2512 342 2593 sacerdotibus,
364 2519 398 2577 ut
420 2531 481 2576 non
503 2531 559 2595 pro
582 2514 729 2595 iactantia,
752 2513 807 2579 sed
828 2533 884 2598 pro
906 2515 1016 2578 iustitia
1038 2512 1223 2596 dispensent

120 2625 275 2706 Nusquam
298 2625 375 2688 enim
399 2626 493 2689 maior
515 2625 638 2691 aviditas
665 2628 825 2710 petitionis.
869 2628 1000 2692 Veniunt
1026 2625 1136 2705 validi,
1166 2642 1223 2688 ve-

121 2739 205 2801 niunt
236 2738 346 2802 nullam
378 2756 517 2820 causam,
548 2741 605 2804 nisi
633 2739 763 2824 vagandi
793 2741 941 2805 babentes
962 2746 990 2803 et
1012 2740 1119 2803 volunt
1148 2738 1223 2803 sub·

121 2848 196 2914 sidia
231 2868 380 2913 evacuare
413 2847 595 2935 pauperum,
633 2855 788 2918 exinanire
820 2861 985 2938 summan,
1021 2870 1081 2916 nec
1111 2853 1223 2936 exiguo

122 2963 255 3025 contenti
277 2964 390 3028 maiora
414 2973 577 3046 quaerunt,
610 2967 720 3031 ambitu
741 2968 869 3031 vestium
896 2970 1047 3048 captantes
1070 2964 1223 3047 petitionis

123 3073 297 3157 suffragium
320 3084 351 3139 et
372 3078 511 3142 natalium
535 3080 724 3144 simulatione
747 3079 897 3144 licitantes
919 3080 1103 3151 incrementa
1124 3093 1223 3159 quae-

122 3193 229 3250 stuum.
273 3187 325 3250 llis
339 3189 374 3251 si
397 3191 464 3272 quis
489 3191 576 3255 facile
605 3192 721 3258 delerat
752 3192 856 3272 fidem,
888 3193 948 3256 cito
978 3188 1223 3273 exhaurit'pau-

123 3317 227 3381 perum
248 3299 404 3364 *abmoniis
432 3302 589 3382 profutura
611 3302 787 3387 conpendia.
831 3301 938 3366 blodus
968 3297 1117 3384 largiendi
1139 3296 1224 3376 adsit,

123 3416 157 3472 ut
178 3409 292 3473 necilli
311 3411 416 3474 inanes
438 3413 599 3495 recedant,
621 3432 721 3497 neque
743 3414 956 3478 transcribatur
977 3413 1037 3476 vita
1058 3408 1224 3494 pauperum

124 3521 154 3583 in
184 3521 280 3604 spolia
305 3522 575 3590 fraudulentorum.
620 3527 663 3590 lla
694 3538 770 3611 ergo
801 3544 940 3590 mensura
971 3525 1028 3604 sit,
1060 3528 1094 3587 ut
1124 3539 1225 3606 neque

124 3633 290 3699 humanitas
313 3633 484 3718 deseratur,
507 3656 564 3703 neo
586 3638 762 3704 destituatur
784 3639 958 3704 necessitas.

216 3745 266 3809 Π.
311 3749 450 3828 Plerique
471 3750 609 3814 simulant
631 3751 729 3814 debita
735 3771 745 3826 3
776 3749 905 3813 silveri
932 3765 1067 3811 examen
1111 3746 1226 3811 Exutos

125 3875 161 3922 se
183 3877 239 3940 per
260 3860 415 3923 latrocinia
438 3860 610 3943 deplorant3
633 3867 683 3926 aul
696 3861 802 3924 iniuria
819 3859 908 3924 fidem
923 3858 1012 3924 iacnt
1027 3866 1078 3923 aut
1092 3859 1224 3945 cognitio

126 3987 285 4052 personae,
309 3989 369 4053 quo
391 3973 573 4055 propensius
595 3974 721 4038 iuvetur.
760 3972 807 4037 Ab
831 3972 959 4037 ecelesia
981 3972 1125 4056 relegatis
1140 3989 1224 4037 sum-

127 4086 195 4162 ptus
210 4080 432 4165 impartiendus,
455 4085 482 4148 si
497 4083 575 4149 desit
589 4085 861 4170 eis-alendi'oopia.
905 4085 1010 4168 ltaque
1031 4086 1084 4168 qui
1106 4085 1226 4154 modum
