2692 4666
533 313 559 370 s.
578 311 740 369 1333333.
1143 315 1187 380 25

91 496 194 542 secum
219 478 338 559 ferens,
371 485 404 542 ut
433 479 464 540 in
486 478 595 540 virtute
619 493 708 539 escae
730 475 826 539 anima
847 471 992 539 refectior
1013 473 1189 556 angelorum

93 611 172 655 nunc
188 595 352 673 consortio,
375 611 501 675 quorum
517 593 605 654 vitam
622 591 695 653 vixit
709 591 741 657 13
759 590 857 670 terris,
882 594 911 652 et
926 587 1028 651 Heliae
1046 588 1190 650 societate

91 706 228 787 laetetur,
252 708 320 789 quia
343 714 374 771 ut
388 707 489 769 Helias
511 723 669 787 numquam
693 705 817 788 regibus
833 704 884 767 vel
898 702 966 767 ullis
982 703 1190 784 potestatibus,

92 821 132 882 ita
156 791 265 884 311313
287 839 344 903 333
367 821 415 883 dei
438 822 544 883 timore
566 808 648 900 ldqui
673 819 786 881 veritus
810 837 871 882 non
894 823 948 881 est.

181 932 234 998 48.
279 934 380 1016 Atque
400 934 469 997 inde
493 934 529 996 ad
554 934 710 996 ecclesiam
733 934 875 996 maiorem
902 932 1075 995 antelucana
1106 928 1190 1007 bora,

94 1069 151 1131 qua
174 1049 332 1112 defunctus
356 1057 418 1129 est,
451 1066 561 1130 corpus
584 1048 677 1129 ipsius
704 1053 851 1128 portatum
880 1053 926 1108 est
956 1046 1056 1126 ibique
1087 1043 1191 1106 eadem

92 1163 148 1226 1311
168 1171 275 1243 33313,
307 1184 364 1245 qua
386 1164 573 1247 vigilavimus
597 1167 627 1226 in
650 1164 777 1245 pascha:
809 1181 898 1244 quern
920 1161 1037 1243 plorimi
1059 1159 1190 1222 infantes

93 1278 241 1359 baptizati,
264 1297 330 1340 cum
353 1298 369 1342 a
392 1278 475 1341 13313
498 1280 645 1356 33313331,
668 1276 822 1353 viderunt,
845 1277 886 1338 ita
908 1282 942 1337 ut
966 1274 1053 1354 aliqui
1076 1272 1191 1335 seden-

93 1397 152 1454 tem
176 1393 206 1453 13
229 1391 371 1455 cathedra
394 1395 422 1455 in
447 1393 583 1456 tribunali
614 1392 763 1468 dicerent,
796 1389 846 1452 3111
876 1406 950 1452 vero
981 1385 1192 1451 ascendentem

94 1505 157 1567 suis
180 1506 352 1587 parentibus
376 1504 468 1588 digito
493 1504 697 1584 ostenderent,
721 1503 774 1566 sed
797 1502 838 1564 illi
860 1502 996 1566 videntes
1012 1502 1116 1564 videre
1132 1517 1193 1562 non

94 1625 242 1700 poterant,
265 1621 332 1700 quia
355 1627 411 1683 tam
435 1620 560 1685 mundos
577 1621 681 1684 oculos
696 1637 758 1682 333
773 1619 939 1694 habebant;
962 1617 1078 1698 plurimi
1094 1622 1194 1679 autem

94 1730 209 1792 stellam
233 1748 323 1814 supra
347 1750 456 1814 corpus
480 1733 545 1795 eius
569 1750 602 1794 se
619 1732 723 1794 videre
739 1731 905 1794 narrabant.
945 1730 1004 1794 Sed
1019 1730 1195 1792 lucescente

95 1842 142 1906 die
167 1844 333 1926 dominico,
365 1866 432 1909 cum
454 1864 564 1928 corpus
588 1847 680 1928 ipsius
704 1846 831 1928 33333113
860 1846 1054 1908 sacramentis
1086 1842 1193 1905 divinis

95 1959 133 2022 de
164 1961 293 2023 ccclesia
325 1962 478 2025 levaretur
507 1960 683 2044 portandum
715 1959 752 2022 ad
783 1960 933 2023 basilicam
958 1959 1194 2037 Ambrosianam,

94 2074 125 2136 13
148 2094 205 2156 qua
230 2077 344 2157 positus
369 2084 432 2156 est,
458 2079 498 2140 ita
521 2078 561 2140 ibi
585 2076 762 2139 daemonum
786 2076 889 2137 turbae
912 2074 1075 2137 clamabant
1098 2090 1133 2135 se
1159 2071 1198 2133 ab·

95 2189 145 2251 illc
176 2192 328 2271 torqueri,
363 2200 394 2255 ut
424 2193 551 2256 eiulatus
582 2193 698 2255 illorum
730 2191 802 2253 farri
832 2209 894 2253 non
925 2195 1057 2273 possent.
1110 2190 1195 2263 Quae

95 2306 190 2386 gratia
214 2305 377 2368 sacerdotis
400 2325 462 2369 333
484 2308 580 2370 solum
603 2309 633 2368 in
656 2307 706 2369 1113
729 2306 809 2384 1333,
833 2323 937 2367 verum
961 2304 1047 2365 eliam
1071 2304 1101 2365 in
1124 2303 1195 2385 plu-

96 2419 177 2480 rimis
209 2419 371 2499 provinciis
401 2437 496 2499 usque
527 2421 556 2480 in
585 2418 762 2482 hodiernum
791 2422 889 2479 manet
897 2440 905 2494 3
941 2417 1086 2478 iactabant
1109 2417 1196 2478 etiam

96 2534 202 2596 turbae
232 2533 365 2595 virorum
395 2553 430 2596 ac
460 2535 614 2597 mulierum
646 2536 744 2597 oraria
773 2531 822 2595 vel
849 2532 1031 2596 semicinctia
1059 2548 1129 2611 sua,
1165 2538 1196 2595 ut

96 2663 208 2726 corpus
239 2647 333 2708 sancti
360 2648 544 2728 aliquatenus
567 2649 603 2709 ab
627 2649 699 2729 ipsis
722 2647 957 2730 contingeretur.
1003 2644 1095 2707 Erant
1118 2646 1196 2708 enim

97 2761 307 2840 exsequiarum
340 2761 444 2824 turbae
473 2761 703 2824 innumerabiles
735 2761 822 2823 tutius
858 2759 1009 2842 dignitatis
1043 2761 1196 2840 totiusque

96 2893 191 2938 sexus
223 2877 412 2957 omniumque
442 2895 539 2958 paene
571 2883 696 2938 aetatum
729 2894 790 2939 333
823 2875 920 2938 solum
951 2874 1195 2954 Christianorum,

97 2989 152 3052 sed
174 3009 375 3073 paganorum,
397 2992 510 3053 maiore
533 2996 630 3053 tannen
654 2991 748 3074 gratia
773 2988 848 3053 ordo
865 2989 1065 3072 praecedebat
1081 3008 1196 3068 eorum,

98 3104 148 3185 qui
171 3105 290 3168 fuerant
312 3106 458 3187 baptizati.

186 3218 236 3285 49.
281 3220 392 3284 Eadem
416 3228 522 3301 tamen,
550 3240 607 3302 qua
631 3221 712 3301 obiit,
737 3220 785 3282 die
808 3217 904 3303 (sicut
927 3226 1027 3281 textus
1051 3218 1194 3300 epistulae

98 3335 239 3416 loquitur,
263 3353 339 3415 quae
363 3354 379 3396 a
403 3351 581 3397 successore
604 3336 706 3417 ipsius,
729 3333 893 3396 venerabili
909 3334 975 3397 viro
993 3311 1195 3414 Simpliciano,

99 3457 238 3531 suscepta
262 3457 326 3528 331,
361 3449 397 3512 de
420 3452 552 3532 partibus
576 3450 706 3513 Orientis
730 3448 766 3511 ad
796 3450 891 3530 ipsum
921 3455 1068 3528 tamquam
1100 3446 1196 3509 adbuc

99 3564 255 3626 nobiscum
279 3565 427 3626 viventem
450 3562 570 3641 directa,
596 3582 673 3645 quae
688 3581 768 3625 nunc
783 3580 879 3642 usque
895 3560 1055 3625 Mediolani
1071 3561 1196 3623 habetur

99 3677 129 3741 in
151 3677 370 3763 monasterio),
403 3680 575 3761 quibusdam
603 3680 674 3741 viris
705 3679 814 3741 sanctis
844 3676 980 3758 adparuit
1011 3694 1101 3740 orans
1132 3694 1198 3737 cum

99 3794 157 3857 illis
180 3801 209 3855 31
231 3796 378 3875 13333333
400 3795 456 3858 illis
480 3813 600 3871 mauus3
632 3795 719 3856 babet
742 3793 818 3854 enim
843 3790 920 3854 diem
945 3790 1087 3873 33131313,
1119 3808 1196 3870 quae

101 3908 213 3971 directa
244 3915 309 3970 est:
345 3927 402 3990 qua
433 3908 509 3970 lecta
540 3908 705 3971 invenimus
737 3904 814 3966 diem
844 3921 931 3984 esse,
967 3920 1027 3985 quo
1058 3902 1109 3965 ille
1140 3901 1198 3965 de-

102 4024 219 4087 functus
244 4030 299 4086 est.

190 4110 241 4203 5'0.
287 4137 364 4199 13133
380 4136 515 4201 Tusciam
538 4136 624 4198 etiam
647 4135 677 4197 in
701 4134 819 4197 civitate
840 4133 1023 4211 Florentino,
1047 4131 1096 4195 ubi
1118 4149 1199 4196 3333
