2692 4666
371 351 416 405 DE
436 348 573 406 ornlcns
592 345 818 402 llllllSTllORUll
837 344 935 400 utana
952 344 995 398 lll.
1167 341 1229 409 187

129 510 238 590 cussit,
268 508 432 574 sedetiam
460 509 612 592 protexit,
647 527 687 572 ne
710 508 746 570 ab
770 507 847 586 alio,
885 508 936 588 qui
958 507 1044 569 simul
1073 506 1230 589 ingressus

127 623 242 704 fuerat,
272 625 478 706 perimereter.
524 621 597 683 Nam
628 638 694 682 cum
727 618 842 681 diceret
869 618 897 680 ei
928 617 1051 681 Abisai:
1076 615 1107 701 ¹)
1143 616 1229 679 Con-

129 737 223 800 ctnait
254 736 349 799 leodic
382 735 528 798 dominus
563 733 722 795 inimicam
756 741 841 793 tuum
871 732 905 793 in
934 731 1077 793 monibus
1111 730 1173 792 tuis
1201 736 1231 790 et

127 870 211 914 nanc
234 850 375 912 occidam
395 868 472 926 cnm,
497 848 676 926 respondit:
698 847 767 908 Non
783 865 947 909 consumas
963 847 1058 922 illum,
1081 845 1230 926 quonium

128 964 200 1044 qaia
224 964 334 1025 iniciat
354 981 478 1024 manum
500 981 590 1024 suom
612 962 645 1022 in
668 961 816 1023 christum
841 962 960 1024 domini
977 967 1007 1022 et
1021 978 1124 1038 puros
1147 959 1229 1020 crit?

126 1074 166 1138 Et
189 1075 315 1139 addidit:
354 1077 435 1138 Vicit
465 1076 628 1152 dominus,
661 1076 806 1155 quoniam
836 1074 900 1135 aiei
926 1074 1069 1136 dominns
1095 1091 1228 1151 percas-

125 1191 205 1252 serit
226 1192 333 1268 illum,
366 1198 422 1252 out
444 1190 507 1252 nisi
529 1192 610 1252 loro
634 1191 720 1251 illine
743 1191 882 1267 uenerit,
914 1197 944 1252 ct
964 1188 1138 1264 moriatur,
1175 1192 1231 1247 ont

126 1304 161 1364 in
180 1323 318 1385 paqnom
342 1305 538 1366 descenderit
561 1313 591 1366 ct
609 1306 791 1384 adponotur
813 1304 897 1382 mitt,
919 1322 984 1366 non
1006 1303 1049 1366 sit
1064 1321 1085 1363 o
1104 1301 1229 1363 domino

125 1418 246 1480 inicere
268 1438 392 1481 monum
414 1437 512 1479 meam
535 1421 568 1480 in
591 1419 741 1481 christum
764 1419 892 1482 domini.

216 1528 265 1596 34.
310 1532 413 1614 ltaque
428 1550 489 1595 non
509 1533 643 1614 permisit
666 1535 768 1595 necari
791 1552 868 1612 eum,
892 1532 945 1595 sed
969 1531 1062 1595 solam
1085 1533 1228 1611 lanceam,

126 1666 205 1731 quae
229 1653 293 1711 erat
314 1647 352 1711 ad
375 1653 463 1730 caput
484 1649 566 1728 eius,
597 1654 628 1712 et
649 1648 816 1712 lenticulam
848 1648 975 1711 sustulit.
1020 1647 1122 1726 ltaque
1152 1647 1229 1708 dor-‚

128 1762 287 1824 mientibus
319 1764 449 1841 cunctis,
482 1780 625 1845 egressus
656 1762 694 1825 de
723 1763 829 1825 castris
859 1763 996 1824 transivit
1026 1763 1055 1823 in
1085 1779 1228 1824 cacumen

126 1873 246 1936 montis
269 1881 299 1936 et
333 1892 501 1958 coarguere
536 1875 636 1956 coepit
672 1876 829 1958 stipatores
867 1875 971 1958 regios
1005 1881 1034 1936 et
1067 1876 1228 1956 praecipue

126 1986 290 2068 principem
322 1986 440 2050 militiae
462 1986 582 2070 Abner,
618 1985 698 2066 quod
729 2003 916 2067 nequaquam
946 1986 1032 2048 fidam
1064 1985 1228 2048 custodiam

126 2102 194 2183 regi
213 2107 242 2162 et
261 2100 380 2164 domino
401 2120 457 2164 suo
478 2101 649 2178 adhiberet3
674 2100 803 2181 denique
826 2100 1053 2178 demonstraret,
1077 2100 1127 2161 urbi
1147 2105 1228 2162 esset

126 2213 232 2275 lancea
263 2215 346 2296 regis
369 2216 419 2277 vel
443 2215 602 2292 lenticula,
634 2231 711 2294 quae
734 2221 798 2277 erat
821 2214 857 2276 ad
881 2220 969 2296 eaput
991 2216 1065 2277 eius.
1110 2212 1146 2275 Et
1168 2231 1227 2296 ap-

123 2327 251 2408 pellatus
274 2346 292 2389 a
314 2347 390 2410 rege
413 2329 551 2391 lanceam
573 2327 716 2391 reddidit:
739 2329 781 2392 Et
803 2330 967 2406 dominns,
991 2328 1103 2409 inquit,
1120 2324 1152 2410 ²)
1174 2347 1226 2388 re-

125 2441 238 2503 stituet
260 2441 429 2522 urcicuipne
452 2442 592 2504 iustitias
612 2461 687 2505 anos
708 2450 737 2503 ct
752 2443 845 2522 fidem
867 2463 967 2519 suom,
990 2443 1074 2502 sicut
1095 2441 1229 2502 tradidit

125 2552 319 2614 rodominus
342 2555 375 2616 in
402 2572 514 2616 monus
541 2572 625 2617 meaa
656 2564 686 2617 et
711 2557 799 2617 nolui
827 2555 945 2616 inicere
977 2572 1101 2615 monum
1130 2572 1227 2615 meam

124 2665 159 2725 in
183 2665 330 2728 christum
362 2667 490 2730 domini.
535 2667 573 2729 Et
603 2686 669 2730 cum
698 2668 773 2731 haec
807 2667 938 2748 diceret,
972 2666 1093 2729 timebat
1127 2672 1225 2728 tamen
1312 2681 1316 2688 ’

124 2776 249 2840 insidias
273 2779 336 2840 eius
361 2784 390 2840 et
412 2777 504 2862 fugit,
536 2780 641 2843 sedem
665 2783 772 2845 exsilio
796 2788 920 2844 mutans.
965 2781 1029 2844 Nec
1052 2786 1149 2843 tamen
1172 2797 1226 2843 sa-

124 2887 215 2950 lutem
245 2891 385 2971 praetulit
415 2891 622 2971 innocentiae,
654 2912 721 2955 cum
751 2895 807 2956 iam
838 2893 972 2957 secundo
1004 2892 1142 2955 facultate
1170 2892 1227 2953 sibi

123 3002 231 3064 tributa
259 3005 342 3086 ragis
369 3003 495 3066 necandi
522 3006 669 3068 noluisset
690 3009 731 3069 uti
755 3009 922 3070 occasionis
949 3006 1115 3085 beneficio,
1149 3021 1227 3086 quae

126 3120 157 3174 et
180 3117 368 3179 securitatem
391 3117 493 3179 salutis
516 3120 659 3181 metuenti
682 3127 712 3183 et
736 3140 865 3204 regnum
888 3122 1033 3184 ollerebat
1055 3121 1159 3184 exsuli.

212 3223 262 3289 35.
308 3229 362 3290 Ubi
387 3247 461 3310 opus
485 3229 541 3293 luit
563 3231 665 3294 loanni
688 3232 795 3316 Gygen
826 3234 933 3312 anulo,
965 3236 1029 3316 qui,
1061 3236 1086 3297 si
1109 3235 1224 3298 tacuis-

122 3345 189 3418 set,-
212 3358 272 3403 non
298 3349 380 3404 esset
403 3345 520 3406 occisus
543 3347 579 3407 ab
603 3344 795 3431 Herode‘l3)
840 3348 996 3410 Praestare
1018 3346 1077 3410 hoc
1099 3349 1140 3410 illi
1165 3365 1225 3428 po-

122 3452 178 3513 tuit
208 3452 357 3515 silentium
380 3473 481 3534 suum,
512 3463 545 3519 ut
567 3464 597 3521 et
618 3458 772 3521 videretur
794 3467 823 3521 et
846 3479 905 3522 non
930 3461 1119 3524 occideretur
1127 3481 1137 3536 ς
1171 3460 1226 3522 sed

121 3563 273 3644 quianon
296 3566 394 3629 solum
415 3580 543 3652 peecare
561 3589 596 3635 sc
615 3580 738 3654 propter
760 3575 864 3637 salutis
887 3570 1094 3638 defensionem
1117 3589 1225 3655 passus

120 3683 269 3755 nonest,
300 3679 354 3741 sed
386 3699 425 3744 ne
455 3682 583 3747 alienum
614 3686 733 3766 quidem
761 3695 916 3769 peccatum
946 3688 1030 3751 ferre
1051 3707 1088 3752 ao
1109 3696 1226 3774 perpeti

120 3789 235 3869 potuit,
268 3791 338 3854 ideo
361 3793 391 3855 in
414 3811 450 3856 se
472 3813 591 3860 causam
615 3801 699 3863 necis
722 3802 870 3866 excitavit.
917 3801 1005 3865 Certe
1032 3801 1090 3867 hoc
1111 3820 1226 3890 negare

120 3949 331 3962 ——..-

192 4055 222 4123 l)
243 4054 266 4108 1.
285 4057 349 4127 Reg.
368 4059 412 4124 26,
434 4059 450 4111 8
468 4078 539 4133 seqq.
611 4065 640 4134 2)
658 4064 721 4118 lbid.
741 4084 764 4121 v.
784 4069 829 4124 2³.
901 4068 1034 4148 opulenta
1056 4071 1098 4150 ll,
1119 4075 1130 4131 1
1151 4093 1224 4151 seqq.

120 4147 149 4192 et
166 4141 243 4194 llere.
263 4142 289 4208 6,
310 4146 341 4197 17
360 4163 431 4218 seqq.
