2692 4666
626 339 651 394 S.
670 338 825 394 nnnnosu

594 560 764 628 CAPUT
799 560 859 626 IX.

180 729 298 795 Quamvis
316 726 462 782 individuae
480 728 531 778 sint
547 727 639 779 lustitia
659 735 734 795 atquc
752 727 902 794 prudentia,
925 725 995 795 vulgi
1019 734 1103 781 tamen
1130 726 1273 781 cardinales

380 818 487 869 virtutes
506 816 681 884 distinguentis
699 817 801 883 ingenio
820 814 982 867 seruiendum
1001 830 1066 868 esse.

266 958 317 1025 48.
362 960 468 1040 Liquet
497 958 587 1041 igitur
618 959 704 1021 etiam
735 958 899 1021 secundum
930 962 1102 1040 scripturam
1134 957 1272 1037 divinam,

178 1094 255 1158 quae
277 1075 426 1155 antiquior
449 1079 511 1152 est,
544 1073 717 1153 sapientiam
746 1073 812 1135 sine
839 1073 948 1136 iustitia
980 1090 1049 1136 esse
1077 1089 1138 1135 non
1168 1089 1271 1154 posse,

180 1191 248 1271 qula
270 1190 320 1253 uhi
343 1206 401 1250 una
425 1203 526 1247 earum
549 1185 698 1263 virtutum,
720 1183 760 1246 ihi
782 1190 907 1265 utraque
930 1192 984 1248 est.
1023 1182 1127 1246 Daniel
1144 1179 1272 1266 ¹)-quo·

181 1319 239 1382 que
270 1319 357 1381 quam
387 1297 536 1379 sapienter
568 1296 624 1357 alta
656 1296 891 1378 interrogatione
915 1294 1119 1360 fraudulentae
1142 1314 1271 1359 accusa-

180 1415 268 1478 tionis
293 1412 488 1495 deprehendit
509 1411 702 1490 mendaoium,
725 1417 756 1474 ut
779 1412 1021 1475 calumniatorum
1039 1413 1096 1475 sihi
1110 1412 1271 1495 responsio

179 1547 240 1591 non
263 1526 467 1591 conveniret?
512 1526 688 1588 Prudentiae
712 1526 801 1608 igitur
823 1525 877 1588 fuit
900 1529 983 1590 vocis
1006 1545 1079 1589 suae
1102 1527 1271 1590 testimonio

178 1659 250 1705 reos
273 1640 419 1723 prodere3
449 1641 576 1703 iustitiae
598 1658 717 1721 quoque
746 1648 888 1703 nocentes
918 1641 1062 1723 supplicio
1095 1639 1185 1721 dare,
1221 1642 1271 1704 in-

179 1760 337 1819 nocentem
360 1754 537 1818 subducere.

267 1866 318 1934 to.
363 1868 415 1931 Est
438 1888 513 1952 ergo
536 1868 717 1931 individuum
740 1869 903 1949 sapientiae
925 1874 1014 1950 atque
1035 1869 1162 1932 iustitiae
1193 1886 1270 1932 con-

180 1985 355 2065 tubernium,
379 1985 433 2048 sed
450 1985 530 2068 vulgi
550 2001 607 2047 usu
623 1983 760 2047 dividitur
777 2002 835 2047 una
851 1985 995 2065 quaedam
1011 1963 1104 2048 forma
1120 1983 1270 2065 virtutum,

132 2136 135 2141 ·
180 2105 212 2163 ut
226 2101 418 2181 temperantia
434 2100 472 2163 sit
486 2100 516 2161 in
533 2097 730 2180 despiciendis
742 2099 949 2179 voluptatibus,
965 2098 1107 2161 fortitudo
1119 2104 1271 2180 spectetur

180 2214 213 2276 in
232 2213 381 2275 laboribus
405 2218 434 2274 et
456 2213 606 2294 periculis,
629 2212 836 2293 prudentiam
860 2213 977 2276 delectu
991 2214 1147 2292 honorum,
1171 2214 1270 2277 sciens

180 2325 336 2390 commoda
359 2332 389 2388 et
411 2325 538 2389 adversa
561 2326 752 2408 distinguere,
774 2329 892 2407 iustitia,
915 2347 991 2409 quae
1014 2330 1053 2391 sit
1073 2329 1151 2392 hona
1167 2334 1269 2392 custos

180 2443 252 2505 iuris
283 2442 370 2506 alieni
402 2450 431 2505 et
460 2443 571 2505 vindex
601 2443 805 2524 proprietatis,
837 2461 922 2506 suum
945 2446 1051 2524 cuique
1074 2459 1267 2506 conservans.

180 2556 223 2622 Sit
253 2575 328 2640 ergo
361 2557 446 2620 nobis
479 2558 641 2621 eommunis
674 2559 820 2639 opinionis
843 2559 936 2640 gratia
960 2558 1170 2640 quadripartita
1193 2557 1268 2620 haec

179 2670 255 2734 iacta
280 2670 402 2750 divisio,
435 2680 469 2735 ut
491 2675 526 2735 ah
550 2673 598 2735 illa
620 2674 719 2736 subtili
742 2673 939 2755 disputatione
962 2673 1185 2755 philosophicae
1215 2690 1267 2736 sa-

179 2785 317 2868 pientiae,
340 2804 417 2867 quae
438 2787 583 2850 limandae
605 2789 736 2851 veritatis
761 2806 850 2851 eausa
873 2789 957 2869 quasi
978 2807 1018 2851 ex
1033 2789 1122 2871 adyto
1139 2786 1267 2869 quodam

119 2912 121 2920 “
180 2900 301 2979 eruitur,
324 2900 509 2965 retrahentes
532 2902 647 2984 pedem,
670 2902 821 2966 forensem
843 2921 928 2968 usum
951 2922 986 2967 ac
1004 2903 1178 2989 popularem
1193 2920 1267 2966 sen·
1309 2984 1312 2991 ι

180 3031 245 3077 sum
271 3032 436 3095 sequamur.
481 3016 541 3078 Hac
572 3017 662 3100 igitur
693 3016 838 3080 divisione
868 3025 987 3081 servata
1016 3023 1202 3080 revertamur
1231 3015 1268 3079 ad

178 3129 371 3211 propositum.

600 3269 769 3336 CAPUT
802 3272 846 3336 X.

180 3413 290 3468 Salutem
314 3415 371 3466 iusti
396 3417 445 3467 viri
468 3432 541 3485 quam
564 3418 694 3484 prudentis
712 3418 818 3470 consilio
837 3420 916 3488 magia
935 3419 1069 3483 committi3
1096 3436 1154 3472 enm
1173 3429 1267 3487 autem,

180 3505 223 3572 qui
241 3503 360 3556 iustitiam
379 3520 409 3555 ac
426 3505 585 3572 pmdentiam
602 3508 627 3558 in
645 3523 672 3558 se
692 3508 856 3573 coniunxerit,
878 3507 909 3559 ab
928 3507 1043 3559 omnihus
1063 3509 1148 3575 expeti
1166 3509 1266 3574 solere;

179 3591 252 3644 huius
271 3592 308 3643 rei
327 3592 468 3659 exemplum
485 3592 563 3645 fuisse
583 3602 635 3645 turn
655 3594 829 3660 Salomonem,
848 3595 879 3646 de
898 3610 947 3663 quo
965 3594 1044 3647 verha
1062 3598 1166 3665 reginae
1184 3596 1267 3650 Sabae

427 3690 594 3750 exponuntur,
613 3692 666 3735 tum
684 3683 818 3752 losephum
838 3691 863 3734 et
879 3682 1018 3735 Danielem.

267 3803 317 3870 50.
362 3805 591 3870 Prudentissimo
619 3808 725 3889 cuique
754 3825 872 3870 causam
902 3814 1032 3872 nostram
1061 3809 1267 3875 committimus

180 3924 211 3982 et
243 3919 278 3982 ab
313 3937 350 3982 eo
387 3920 540 3983 eonsilium
578 3923 757 4004 promptius,
796 3940 882 4003 quam
916 3941 933 3985 a
966 3925 1074 3986 ceteris
1107 3924 1266 4006 poscimus.

250 4164 278 4230 1)
298 4162 362 4217 Dnn.
381 4160 424 4230 13,
442 4161 477 4214 44
494 4178 565 4231 seqq.
