2692 4666
263 386 274 399 .
370 307 415 361 nr
436 305 572 362 armeus
589 302 813 361 mmumoauu
829 288 963 361 unsar.
1167 268 1220 374 aa*

120 471 288 556 llepotsbst
309 470 388 535 lilius
410 468 634 552 appellationem
662 473 830 550 parsmam,
861 467 1074 553 oonpungebat
1094 472 1217 549 paterna

121 588 255 669 viscera,
289 585 344 651 sed
373 602 434 648 non
464 583 613 647 minuebat
643 582 842 646 devotionem.
895 581 1020 645 Accedit
1053 589 1083 645 et
1113 589 1219 664 quarta

121 702 236 780 virtus,
270 698 472 782 temperantia.
526 698 658 760 Tenebat
691 697 786 761 iustus
822 703 852 758 et
884 696 1002 777 pietatis
1036 694 1157 760 modum
1188 702 1219 759 et

123 814 328 878 exsecutionis
350 813 494 877 ordinem.
533 812 669 892 Denique
685 811 752 873 dum
771 809 916 874 sacrificio
939 808 1110 879 necessaria
1128 809 1219 889 rabit,

116 929 195 993 dum
218 930 316 1012 ignem
335 928 449 1007 adolet,
472 899 540 990 dum
562 927 652 990 filium
669 926 759 1008 ligat,
783 924 852 991 durs
874 925 1004 1008 gladium
1026 900 1140 1005 adrieli,
1161 924 1220 988 boe
1334 948 1339 959 ·

122 1043 294 1107 immolandi
316 1043 421 1106 ordine
444 1042 550 1106 meruit
572 1048 604 1103 ut
628 1040 718 1103 lilium
742 1047 923 1103 reservaret.

214 1153 283 1218 120.
331 1142 407 1229 Quid
439 1154 603 1236 sapientius
633 1161 737 1216 sancto
768 1153 874 1234 Iacob,
893 1151 923 1238 ¹)
954 1155 1004 1235 qui
1033 1155 1119 1218 deum
1150 1155 1222 1219 vidit

123 1268 202 1332 faeie
226 1268 263 1331 ad
288 1268 394 1331 faciem
418 1276 448 1331 et
473 1268 711 1332 benedictionem
742 1269 873 1331 meruit?
920 1268 996 1343 Ouid
1019 1270 1140 1349 iustius,
1173 1270 1222 1350 qui

126 1402 179 1462 ea,
211 1401 288 1464 quae
314 1383 509 1463 adquisierat,
541 1383 646 1447 oblatis
678 1384 850 1446 muneribus
882 1401 947 1446 cum
982 1382 1073 1446 fratre
1101 1370 1226 1449 divisiti¹
1258 1430 1263 1441 .

126 1497 204 1572 Ouid
226 1496 342 1576 lortius,
365 1497 417 1578 qui
441 1502 506 1558 oum
524 1497 581 1559 deo
597 1497 723 1559 luctatus
739 1497 811 1559 est?
856 1496 933 1570 Ouid
957 1497 1118 1561 modestius
1142 1493 1223 1583 [eo],

126 1613 177 1693 qui
208 1611 381 1676 modestiam
407 1613 445 1674 ita
470 1618 499 1673 et
520 1612 595 1675 loeis
619 1618 648 1674 et
671 1612 853 1695 temporibus
884 1611 1053 1690 deferebat,
1086 1604 1118 1675 ut
1147 1612 1224 1675 filiae

126 1727 263 1790 iniuriam
286 1725 385 1789 mallet
405 1731 584 1807 praetexere
609 1725 765 1808 coniugio,
790 1745 877 1806 quam
897 1725 1063 1803 vindicare,
1087 1723 1225 1805 eoquod
1285 1728 1300 1761 '²

127 1840 204 1903 inter
234 1839 348 1903 alienos
379 1840 493 1920 positus
524 1839 616 1902 autori
647 1839 744 1919 potius
776 1838 1009 1918 consulendum,
1040 1857 1128 1920 quam
1157 1839 1225 1905 odia

128 1953 301 2038 colligenda
325 1952 491 2016 censebat?

219 2067 289 2133 121.
335 2067 400 2130 Noe
414 2063 446 2151 ²)
470 2085 556 2148 quam
577 2066 713 2147 sapiens,
736 2066 787 2146 qui
804 2071 913 2128 tantam
936 2064 1091 2127 fabricavit
1112 2065 1226 2128 areaml

133 2183 227 2258 Quam
262 2183 377 2260 iustus,
410 2182 460 2261 qui
494 2180 531 2244 ad
565 2198 668 2242 semen
703 2180 832 2244 omnium
865 2185 1036 2243 reservatus
1072 2172 1159 2253 solus·
1188 2198 1228 2242 ex

134 2295 270 2358 omnibus
301 2300 332 2355 et
361 2294 538 2374 praeteritae
572 2293 776 2376 generationis
808 2299 962 2374 superstes
996 2300 1041 2356 est
1067 2294 1167 2361 ,laetus
1199 2299 1229 2356 et

133 2415 239 2471 auctor
270 2407 404 2487 futurae,
434 2406 543 2470 mundo
574 2407 671 2488 potius
695 2414 725 2469 et
747 2408 895 2470 uniuersis
918 2409 1032 2490 magis,
1063 2426 1150 2488 quam
1173 2405 1229 2469 sibi

133 2521 237 2586 natust
283 2522 376 2596 Quam
399 2521 501 2601 fortis,
524 2529 557 2584 ut
580 2520 720 2585 diluvium
743 2523 891 2585 vinceret!
935 2522 1028 2596 Quam
1051 2528 1229 2603 temperans,

135 2643 166 2698 ut
189 2634 332 2699 diluvium
354 2636 511 2712 toleraret3
543 2635 661 2717 quando
685 2637 837 2717 introiret,
861 2655 919 2717 qua
942 2636 1148 2700 moderatione
1171 2635 1229 2698 de-

135 2756 237 2833 geret,
266 2750 383 2831 quaudo
407 2768 547 2829 oorrum,
577 2751 698 2831 quando
721 2752 886 2814 columbam
911 2750 1087 2830 dimitteret,
1111 2749 1230 2831 quando

136 2865 284 2946 reciperet
305 2872 511 2945 revertentes,
535 2866 655 2946 quando
680 2865 810 2928 exeundi
834 2865 1063 2947 oportunitatem
1087 2871 1230 2946 captaret,

139 2975 333 3060 agnosceret!

516 3158 690 3278 cnPU‘r
724 3211 850 3277 XXVJ.

144 3375 167 3430 ln
185 3376 339 3447 inquirenda
358 3378 467 3430 veritate
481 3385 567 3430 contra
582 3394 626 3430 sua
639 3385 775 3446 praecepta
795 3392 916 3446 peccasse
934 3375 1108 3445 philosophos,
1127 3375 1232 3442 Moysen

143 3478 201 3518 raro
228 3465 277 3516 illis
301 3467 480 3533 sapientiorem
505 3483 533 3518 se
558 3466 713 3535 praebuisse.
750 3465 789 3517 Eo
813 3466 901 3517 maiori
926 3464 1011 3516 studio
1036 3463 1182 3516 enitendum
1201 3462 1231 3514 ad

142 3551 325 3621 conparandam
343 3554 512 3621 sapientiam,
531 3569 582 3622 quo
602 3554 682 3604 maior
700 3561 738 3604 est
756 3553 834 3620 ipsius
855 3552 981 3620 dignitas,
1000 3550 1031 3601 ad
1051 3566 1124 3619 quam
1144 3565 1232 3601 omnes

515 3643 569 3709 ipsa
589 3649 677 3693 natura
697 3640 859 3708 inpelluntur.

229 3781 299 3851 122.
345 3785 446 3866 ltaque
462 3791 586 3847 tractant
601 3785 630 3846 in
647 3784 711 3846 reri
727 3782 956 3866 investigatione
979 3781 1138 3846 tenendum
1161 3780 1233 3844 illud

136 3898 303 3985 deeoqpm,
339 3905 370 3961 ut
392 3918 506 3962 summo
530 3898 627 3961 studio
653 3898 840 3978 requiramus
871 3897 941 3977 quid
964 3916 1066 3961 verum
1089 3897 1143 3975 sit,
1174 3913 1235 3961 nou

216 4139 242 4216 1)
262 4138 353 4194 (lenes.
372 4139 416 4209 32,
436 4140 447 4190 1
470 4156 540 4218 seqq.
612 4139 641 4217 2)
660 4137 724 4190 lbid.
742 4137 769 4207 6,
789 4136 821 4188 14
839 4151 910 4209 seqq.
