<?xml version="1.0" encoding="UTF-8"?>
<!DOCTYPE html PUBLIC "-//W3C//DTD XHTML 1.0 Transitional//EN"
    "http://www.w3.org/TR/xhtml1/DTD/xhtml1-transitional.dtd">
<html xmlns="http://www.w3.org/1999/xhtml" xml:lang="en" lang="en">
 <head>
  <title>
</title>
<meta http-equiv="Content-Type" content="text/html;charset=utf-8" />
  <meta name='ocr-system' content='tesseract 3.04.00' />
  <meta name='ocr-capabilities' content='ocr_page ocr_carea ocr_par ocr_line ocrx_word'/>
</head>
<body>
  <div class='ocr_page' id='page_1' title='image "./deofficiisminis00krabgoog_0408.png"; bbox 0 0 2692 4666; ppageno 0'>
   <div class='ocr_carea' id='block_1_1' title="bbox 512 332 1214 413">
    <p class='ocr_par' dir='ltr' id='par_1_1' title="bbox 512 332 1214 413">
     <span class='ocr_line' id='line_1_1' title="bbox 512 332 1214 413; baseline 0.034 -24"><span class='ocrx_word' id='word_1_1' title='bbox 512 332 558 389; x_wconf 78' lang='grc' dir='ltr'><strong>ιιι</strong></span> <span class='ocrx_word' id='word_1_2' title='bbox 577 335 601 390; x_wconf 92' lang='lat' dir='ltr'><strong>s.</strong></span> <span class='ocrx_word' id='word_1_3' title='bbox 621 333 823 392; x_wconf 79' lang='lat' dir='ltr'><strong>rnenosruu.</strong></span> <span class='ocrx_word' id='word_1_4' title='bbox 1153 336 1214 413; x_wconf 84' lang='grc'><strong>’391</strong></span> 
     </span>
    </p>
   </div>
   <div class='ocr_carea' id='block_1_2' title="bbox 121 495 1218 574">
    <p class='ocr_par' dir='ltr' id='par_1_2' title="bbox 121 495 1218 574">
     <span class='ocr_line' id='line_1_2' title="bbox 121 495 1218 574; baseline -0.002 -19"><span class='ocrx_word' id='word_1_5' title='bbox 121 499 300 563; x_wconf 75' lang='lat' dir='ltr'><strong>mocmrdum,</strong></span> <span class='ocrx_word' id='word_1_6' title='bbox 320 497 387 565; x_wconf 81' lang='lat' dir='ltr'><strong>quod</strong></span> <span class='ocrx_word' id='word_1_7' title='bbox 407 497 481 549; x_wconf 81' lang='lat' dir='ltr'><strong>etiarn</strong></span> <span class='ocrx_word' id='word_1_8' title='bbox 499 497 554 549; x_wconf 85' lang='lat' dir='ltr'><strong>reil.</strong></span> <span class='ocrx_word' id='word_1_9' title='bbox 569 495 681 548; x_wconf 85' lang='lat' dir='ltr'><strong>bionsco.</strong></span> <span class='ocrx_word' id='word_1_10' title='bbox 701 496 796 549; x_wconf 86' lang='lat' dir='ltr'><strong>hubent</strong></span> <span class='ocrx_word' id='word_1_11' title='bbox 815 507 924 567; x_wconf 84' lang='lat' dir='ltr'><strong>excepto</strong></span> <span class='ocrx_word' id='word_1_12' title='bbox 940 500 990 570; x_wconf 82' lang='lat' dir='ltr'><strong>ttg,</strong></span> <span class='ocrx_word' id='word_1_13' title='bbox 1011 503 1036 554; x_wconf 91' lang='lat' dir='ltr'><strong>in</strong></span> <span class='ocrx_word' id='word_1_14' title='bbox 1055 520 1105 572; x_wconf 89' lang='lat' dir='ltr'><strong>quo</strong></span> <span class='ocrx_word' id='word_1_15' title='bbox 1124 505 1218 574; x_wconf 80' lang='lat' dir='ltr'><strong>legitur</strong></span> 
     </span>
    </p>
   </div>
   <div class='ocr_carea' id='block_1_3' title="bbox 120 570 1218 767">
    <p class='ocr_par' dir='ltr' id='par_1_3' title="bbox 120 570 1218 767">
     <span class='ocr_line' id='line_1_3' title="bbox 120 570 1217 671; baseline 0.006 -13"><span class='ocrx_word' id='word_1_16' title='bbox 120 605 273 669; x_wconf 75' lang='lat' dir='ltr'><strong>rmoemdi3</strong></span> <span class='ocrx_word' id='word_1_17' title='bbox 294 570 485 657; x_wconf 49' lang='lat' dir='ltr'><strong>aimattanaam</strong></span> <span class='ocrx_word' id='word_1_18' title='bbox 503 600 533 669; x_wconf 79' lang='lat' dir='ltr'><strong>(rt</strong></span> <span class='ocrx_word' id='word_1_19' title='bbox 551 614 564 652; x_wconf 83' lang='lat' dir='ltr'><strong>a</strong></span> <span class='ocrx_word' id='word_1_20' title='bbox 584 617 605 653; x_wconf 92' lang='lat' dir='ltr'><strong>r.</strong></span> <span class='ocrx_word' id='word_1_21' title='bbox 624 619 656 653; x_wconf 91' lang='lat' dir='ltr'><strong>m.</strong></span> <span class='ocrx_word' id='word_1_22' title='bbox 675 604 813 670; x_wconf 86' lang='lat' dir='ltr'><strong>superscr.)</strong></span> <span class='ocrx_word' id='word_1_23' title='bbox 832 604 874 657; x_wconf 87' lang='lat' dir='ltr'><strong>dst</strong></span> <span class='ocrx_word' id='word_1_24' title='bbox 892 604 944 671; x_wconf 90' lang='lat' dir='ltr'><strong>Bc,</strong></span> <span class='ocrx_word' id='word_1_25' title='bbox 964 610 1157 665; x_wconf 84' lang='lat' dir='ltr'><strong>admetiendum</strong></span> <span class='ocrx_word' id='word_1_26' title='bbox 1176 612 1217 665; x_wconf 87' lang='lat' dir='ltr'><strong>ed.</strong></span> 
     </span>
     <span class='ocr_line' id='line_1_4' title="bbox 120 685 1218 767; baseline 0.008 -25"><span class='ocrx_word' id='word_1_27' title='bbox 120 690 204 755; x_wconf 78' lang='lat' dir='ltr'><strong>ttet,</strong></span> <span class='ocrx_word' id='word_1_28' title='bbox 231 692 266 743; x_wconf 86' lang='lat' dir='ltr'><strong>ad</strong></span> <span class='ocrx_word' id='word_1_29' title='bbox 283 693 442 744; x_wconf 83' lang='lat' dir='ltr'><strong>metiendum</strong></span> <span class='ocrx_word' id='word_1_30' title='bbox 462 687 515 740; x_wconf 82' lang='lat' dir='ltr'><strong>Coi.</strong></span> <span class='ocrx_word' id='word_1_31' title='bbox 537 705 557 742; x_wconf 91' lang='lat' dir='ltr'><strong>c.</strong></span> <span class='ocrx_word' id='word_1_32' title='bbox 578 685 698 754; x_wconf 79' lang='lat' dir='ltr'><strong>dmerb.,</strong></span> <span class='ocrx_word' id='word_1_33' title='bbox 722 693 897 746; x_wconf 79' lang='lat' dir='ltr'><strong>amoliendum</strong></span> <span class='ocrx_word' id='word_1_34' title='bbox 915 703 985 747; x_wconf 87' lang='lat' dir='ltr'><strong>recte</strong></span> <span class='ocrx_word' id='word_1_35' title='bbox 1002 693 1116 763; x_wconf 73' lang='lat' dir='ltr'><strong>Eccum,</strong></span> <span class='ocrx_word' id='word_1_36' title='bbox 1141 716 1218 767; x_wconf 89' lang='lat' dir='ltr'><strong>quem</strong></span> 
     </span>
    </p>
   </div>
   <div class='ocr_carea' id='block_1_4' title="bbox 120 771 1312 1219">
    <p class='ocr_par' dir='ltr' id='par_1_4' title="bbox 120 771 1312 1219">
     <span class='ocr_line' id='line_1_5' title="bbox 120 771 1312 872; baseline 0.009 -26"><span class='ocrx_word' id='word_1_37' title='bbox 120 796 279 864; x_wconf 74' lang='lat' dir='ltr'>posteriores</span> <span class='ocrx_word' id='word_1_38' title='bbox 297 796 379 847; x_wconf 88' lang='lat' dir='ltr'><strong>secuti</strong></span> <span class='ocrx_word' id='word_1_39' title='bbox 397 802 463 846; x_wconf 90' lang='lat' dir='ltr'><strong>sunt.</strong></span> <span class='ocrx_word' id='word_1_40' title='bbox 496 793 554 846; x_wconf 84' lang='lat' dir='ltr'><strong>Mox</strong></span> <span class='ocrx_word' id='word_1_41' title='bbox 572 771 599 798; x_wconf 60' lang='grc' dir='ltr'>ω</span> <span class='ocrx_word' id='word_1_42' title='bbox 616 797 779 864; x_wconf 82' lang='lat' dir='ltr'><strong>interruptor</strong></span> <span class='ocrx_word' id='word_1_43' title='bbox 806 799 849 861; x_wconf 87' lang='lat' dir='ltr'><strong>(uc</strong></span> <span class='ocrx_word' id='word_1_44' title='bbox 874 815 927 850; x_wconf 87' lang='lat' dir='ltr'><strong>ar.</strong></span> <span class='ocrx_word' id='word_1_45' title='bbox 946 816 978 851; x_wconf 87' lang='lat' dir='ltr'><strong>m.</strong></span> <span class='ocrx_word' id='word_1_46' title='bbox 1003 804 1144 872; x_wconf 70' lang='lat' dir='ltr'><strong>superstes.)</strong></span> <span class='ocrx_word' id='word_1_47' title='bbox 1168 804 1218 856; x_wconf 86' lang='lat' dir='ltr'><strong>iert</strong></span> <span class='ocrx_word' id='word_1_48' title='bbox 1305 830 1312 843; x_wconf 91' lang='lat'><strong>·</strong></span> 
     </span>
     <span class='ocr_line' id='line_1_6' title="bbox 121 880 1218 960; baseline 0.008 -24"><span class='ocrx_word' id='word_1_49' title='bbox 121 884 170 936; x_wconf 83' lang='lat' dir='ltr'><strong>ida.</strong></span> <span class='ocrx_word' id='word_1_50' title='bbox 207 883 243 936; x_wconf 80' lang='lat' dir='ltr'><strong>ot.</strong></span> <span class='ocrx_word' id='word_1_51' title='bbox 262 886 310 936; x_wconf 87' lang='lat' dir='ltr'><strong>ists</strong></span> <span class='ocrx_word' id='word_1_52' title='bbox 328 880 451 950; x_wconf 88' lang='lat' dir='ltr'><strong>reperitur</strong></span> <span class='ocrx_word' id='word_1_53' title='bbox 469 883 544 933; x_wconf 89' lang='lat' dir='ltr'><strong>etiam</strong></span> <span class='ocrx_word' id='word_1_54' title='bbox 562 882 588 932; x_wconf 94' lang='lat' dir='ltr'><strong>in</strong></span> <span class='ocrx_word' id='word_1_55' title='bbox 607 883 698 934; x_wconf 88' lang='lat' dir='ltr'><strong>ceteris</strong></span> <span class='ocrx_word' id='word_1_56' title='bbox 714 881 827 936; x_wconf 84' lang='lat' dir='ltr'><strong>Menace.</strong></span> <span class='ocrx_word' id='word_1_57' title='bbox 865 885 891 938; x_wconf 88' lang='lat' dir='ltr'><strong>L.</strong></span> <span class='ocrx_word' id='word_1_58' title='bbox 910 902 964 955; x_wconf 85' lang='lat' dir='ltr'><strong>seq.</strong></span> <span class='ocrx_word' id='word_1_59' title='bbox 986 893 1152 958; x_wconf 69' lang='lat' dir='ltr'><strong><em>conplurium</em></strong></span> <span class='ocrx_word' id='word_1_60' title='bbox 1170 909 1218 960; x_wconf 92' lang='lat' dir='ltr'><strong>pro</strong></span> 
     </span>
     <span class='ocr_line' id='line_1_7' title="bbox 120 967 1217 1050; baseline 0.003 -26"><span class='ocrx_word' id='word_1_61' title='bbox 120 972 189 1041; x_wconf 79' lang='lat' dir='ltr'><strong>vulg.</strong></span> <span class='ocrx_word' id='word_1_62' title='bbox 210 973 385 1039; x_wconf 82' lang='lat' dir='ltr'><strong>complurium</strong></span> <span class='ocrx_word' id='word_1_63' title='bbox 403 987 425 1021; x_wconf 93' lang='lat' dir='ltr'><strong>c.</strong></span> <span class='ocrx_word' id='word_1_64' title='bbox 445 968 486 1021; x_wconf 89' lang='lat' dir='ltr'><strong>ed.</strong></span> <span class='ocrx_word' id='word_1_65' title='bbox 506 967 560 1020; x_wconf 84' lang='lat' dir='ltr'><strong>Col.</strong></span> <span class='ocrx_word' id='word_1_66' title='bbox 579 968 753 1036; x_wconf 79' lang='lat' dir='ltr'><strong>praebuerunt</strong></span> <span class='ocrx_word' id='word_1_67' title='bbox 771 972 846 1023; x_wconf 86' lang='lat' dir='ltr'><strong>codd.</strong></span> <span class='ocrx_word' id='word_1_68' title='bbox 866 970 920 1024; x_wconf 82' lang='lat' dir='ltr'><strong>Rbc</strong></span> <span class='ocrx_word' id='word_1_69' title='bbox 939 981 965 1025; x_wconf 88' lang='lat' dir='ltr'><strong>et</strong></span> <span class='ocrx_word' id='word_1_70' title='bbox 982 973 1033 1044; x_wconf 87' lang='lat' dir='ltr'><strong>big,</strong></span> <span class='ocrx_word' id='word_1_71' title='bbox 1058 996 1135 1047; x_wconf 80' lang='lat' dir='ltr'><strong>quam</strong></span> <span class='ocrx_word' id='word_1_72' title='bbox 1152 985 1217 1050; x_wconf 87' lang='lat' dir='ltr'><strong>ptu.</strong></span> 
     </span>
     <span class='ocr_line' id='line_1_8' title="bbox 121 1055 1217 1132; baseline 0.003 -17"><span class='ocrx_word' id='word_1_73' title='bbox 121 1064 191 1115; x_wconf 84' lang='lat' dir='ltr'><strong>rium</strong></span> <span class='ocrx_word' id='word_1_74' title='bbox 210 1067 292 1111; x_wconf 83' lang='lat' dir='ltr'><strong>exstet</strong></span> <span class='ocrx_word' id='word_1_75' title='bbox 309 1059 334 1110; x_wconf 88' lang='lat' dir='ltr'><strong>in</strong></span> <span class='ocrx_word' id='word_1_76' title='bbox 353 1055 397 1108; x_wconf 77' lang='lat' dir='ltr'><strong>tta.</strong></span> <span class='ocrx_word' id='word_1_77' title='bbox 436 1056 474 1109; x_wconf 88' lang='lat' dir='ltr'><strong>De</strong></span> <span class='ocrx_word' id='word_1_78' title='bbox 493 1072 541 1125; x_wconf 85' lang='lat' dir='ltr'><strong>qus</strong></span> <span class='ocrx_word' id='word_1_79' title='bbox 560 1058 747 1122; x_wconf 68' lang='lat' dir='ltr'>permutatione</span> <span class='ocrx_word' id='word_1_80' title='bbox 770 1058 837 1111; x_wconf 87' lang='lat' dir='ltr'><strong>coni.</strong></span> <span class='ocrx_word' id='word_1_81' title='bbox 859 1059 943 1112; x_wconf 85' lang='lat' dir='ltr'><strong>adnot.</strong></span> <span class='ocrx_word' id='word_1_82' title='bbox 963 1063 995 1114; x_wconf 88' lang='lat' dir='ltr'><strong>od</strong></span> <span class='ocrx_word' id='word_1_83' title='bbox 1014 1062 1032 1116; x_wconf 91' lang='lat' dir='ltr'><strong>i.</strong></span> <span class='ocrx_word' id='word_1_84' title='bbox 1052 1065 1075 1116; x_wconf 87' lang='lat'><strong>2.</strong></span> <span class='ocrx_word' id='word_1_85' title='bbox 1096 1069 1120 1132; x_wconf 82' lang='lat'><strong>§.</strong></span> <span class='ocrx_word' id='word_1_86' title='bbox 1141 1067 1172 1132; x_wconf 86' lang='lat'><strong>5,</strong></span> <span class='ocrx_word' id='word_1_87' title='bbox 1192 1070 1217 1121; x_wconf 88' lang='lat'><strong>6.</strong></span> 
     </span>
     <span class='ocr_line' id='line_1_9' title="bbox 121 1143 1218 1219; baseline 0.008 -19"><span class='ocrx_word' id='word_1_88' title='bbox 121 1149 236 1200; x_wconf 83' lang='lat' dir='ltr'><strong>Proxime</strong></span> <span class='ocrx_word' id='word_1_89' title='bbox 255 1150 398 1216; x_wconf 84' lang='lat' dir='ltr'><strong>diremptas</strong></span> <span class='ocrx_word' id='word_1_90' title='bbox 415 1146 504 1212; x_wconf 77' lang='lat' dir='ltr'><strong>scripsi</strong></span> <span class='ocrx_word' id='word_1_91' title='bbox 525 1161 580 1196; x_wconf 88' lang='lat' dir='ltr'><strong>cum</strong></span> <span class='ocrx_word' id='word_1_92' title='bbox 599 1144 640 1195; x_wconf 86' lang='lat' dir='ltr'><strong>W.</strong></span> <span class='ocrx_word' id='word_1_93' title='bbox 659 1143 715 1197; x_wconf 86' lang='lat' dir='ltr'><strong>biae</strong></span> <span class='ocrx_word' id='word_1_94' title='bbox 734 1154 760 1196; x_wconf 91' lang='lat' dir='ltr'><strong>et</strong></span> <span class='ocrx_word' id='word_1_95' title='bbox 779 1144 824 1211; x_wconf 87' lang='lat' dir='ltr'><strong>Ba,</strong></span> <span class='ocrx_word' id='word_1_96' title='bbox 845 1147 935 1215; x_wconf 86' lang='lat' dir='ltr'><strong>quibus</strong></span> <span class='ocrx_word' id='word_1_97' title='bbox 955 1149 1140 1219; x_wconf 77' lang='lat' dir='ltr'><strong>adstipulantur</strong></span> <span class='ocrx_word' id='word_1_98' title='bbox 1159 1156 1218 1210; x_wconf 90' lang='lat' dir='ltr'><strong>edd.</strong></span> 
     </span>
    </p>
   </div>
   <div class='ocr_carea' id='block_1_5' title="bbox 121 1232 1224 1399">
    <p class='ocr_par' dir='ltr' id='par_1_5' title="bbox 121 1232 1224 1399">
     <span class='ocr_line' id='line_1_10' title="bbox 122 1232 1224 1312; baseline -0.004 -23"><span class='ocrx_word' id='word_1_99' title='bbox 122 1235 190 1289; x_wconf 79' lang='lat' dir='ltr'><strong>Cost.</strong></span> <span class='ocrx_word' id='word_1_100' title='bbox 215 1235 306 1288; x_wconf 86' lang='lat' dir='ltr'><strong>Pistor.</strong></span> <span class='ocrx_word' id='word_1_101' title='bbox 329 1242 405 1302; x_wconf 83' lang='lat' dir='ltr'><strong>atque</strong></span> <span class='ocrx_word' id='word_1_102' title='bbox 429 1232 518 1296; x_wconf 72' lang='lat' dir='ltr'><strong>Rom..</strong></span> <span class='ocrx_word' id='word_1_103' title='bbox 544 1236 672 1287; x_wconf 78' lang='lat' dir='ltr'><strong>diremtos</strong></span> <span class='ocrx_word' id='word_1_104' title='bbox 697 1233 822 1285; x_wconf 87' lang='lat' dir='ltr'><strong>dederunt</strong></span> <span class='ocrx_word' id='word_1_105' title='bbox 847 1235 924 1286; x_wconf 82' lang='lat' dir='ltr'><strong>Maur.</strong></span> <span class='ocrx_word' id='word_1_106' title='bbox 950 1245 976 1288; x_wconf 81' lang='lat' dir='ltr'><strong>et</strong></span> <span class='ocrx_word' id='word_1_107' title='bbox 994 1236 1075 1305; x_wconf 86' lang='lat' dir='ltr'><strong>Gilb.,</strong></span> <span class='ocrx_word' id='word_1_108' title='bbox 1102 1245 1224 1312; x_wconf 51' lang='lat' dir='ltr'><strong>direptas.</strong></span> 
     </span>
     <span class='ocr_line' id='line_1_11' title="bbox 121 1317 1220 1399; baseline 0.009 -25"><span class='ocrx_word' id='word_1_109' title='bbox 121 1323 217 1374; x_wconf 86' lang='lat' dir='ltr'><strong>hubent</strong></span> <span class='ocrx_word' id='word_1_110' title='bbox 235 1321 309 1374; x_wconf 85' lang='lat' dir='ltr'>codd.</span> <span class='ocrx_word' id='word_1_111' title='bbox 330 1319 433 1388; x_wconf 77' lang='lat' dir='ltr'><strong>bibcdfg</strong></span> <span class='ocrx_word' id='word_1_112' title='bbox 451 1326 477 1370; x_wconf 88' lang='lat' dir='ltr'><strong>et</strong></span> <span class='ocrx_word' id='word_1_113' title='bbox 489 1319 543 1370; x_wconf 81' lang='lat' dir='ltr'><strong>sstc</strong></span> <span class='ocrx_word' id='word_1_114' title='bbox 560 1336 609 1371; x_wconf 88' lang='lat' dir='ltr'><strong>uns</strong></span> <span class='ocrx_word' id='word_1_115' title='bbox 629 1337 686 1371; x_wconf 91' lang='lat' dir='ltr'><strong>cum</strong></span> <span class='ocrx_word' id='word_1_116' title='bbox 703 1320 760 1371; x_wconf 85' lang='lat' dir='ltr'><strong>cdd.</strong></span> <span class='ocrx_word' id='word_1_117' title='bbox 775 1319 841 1373; x_wconf 83' lang='lat' dir='ltr'><strong>Med.</strong></span> <span class='ocrx_word' id='word_1_118' title='bbox 856 1322 958 1374; x_wconf 80' lang='lat' dir='ltr'><strong>Amerb.</strong></span> <span class='ocrx_word' id='word_1_119' title='bbox 971 1321 1079 1392; x_wconf 69' lang='lat' dir='ltr'><strong>Eresm,</strong></span> <span class='ocrx_word' id='word_1_120' title='bbox 1098 1317 1220 1399; x_wconf 80' lang='lat' dir='ltr'><strong>diruptus</strong></span> 
     </span>
    </p>
   </div>
   <div class='ocr_carea' id='block_1_6' title="bbox 122 1405 1218 1488">
    <p class='ocr_par' dir='ltr' id='par_1_6' title="bbox 122 1405 1218 1488">
     <span class='ocr_line' id='line_1_12' title="bbox 122 1405 1218 1488; baseline 0.008 -27"><span class='ocrx_word' id='word_1_121' title='bbox 122 1418 162 1462; x_wconf 89' lang='lat' dir='ltr'><strong>est</strong></span> <span class='ocrx_word' id='word_1_122' title='bbox 173 1411 199 1462; x_wconf 91' lang='lat' dir='ltr'><strong>in</strong></span> <span class='ocrx_word' id='word_1_123' title='bbox 213 1408 267 1462; x_wconf 81' lang='lat' dir='ltr'><strong>Col.</strong></span> <span class='ocrx_word' id='word_1_124' title='bbox 298 1412 450 1478; x_wconf 67' lang='lat' dir='ltr'><strong>Adficiuntur</strong></span> <span class='ocrx_word' id='word_1_125' title='bbox 463 1407 551 1460; x_wconf 77' lang='lat' dir='ltr'><strong>scribit</strong></span> <span class='ocrx_word' id='word_1_126' title='bbox 563 1405 606 1458; x_wconf 87' lang='lat' dir='ltr'><strong>Bc.</strong></span> <span class='ocrx_word' id='word_1_127' title='bbox 639 1407 699 1459; x_wconf 87' lang='lat' dir='ltr'><strong>Tum</strong></span> <span class='ocrx_word' id='word_1_128' title='bbox 720 1426 780 1462; x_wconf 88' lang='lat' dir='ltr'><strong>eece</strong></span> <span class='ocrx_word' id='word_1_129' title='bbox 796 1425 843 1477; x_wconf 86' lang='lat' dir='ltr'><strong>pro</strong></span> <span class='ocrx_word' id='word_1_130' title='bbox 858 1420 927 1466; x_wconf 88' lang='lat' dir='ltr'><strong>certe</strong></span> <span class='ocrx_word' id='word_1_131' title='bbox 939 1414 1066 1466; x_wconf 84' lang='lat' dir='ltr'><strong>invenitur</strong></span> <span class='ocrx_word' id='word_1_132' title='bbox 1078 1419 1103 1470; x_wconf 94' lang='lat' dir='ltr'><strong>in</strong></span> <span class='ocrx_word' id='word_1_133' title='bbox 1116 1417 1218 1488; x_wconf 81' lang='lat' dir='ltr'><strong>bibcd‘g.</strong></span> 
     </span>
    </p>
   </div>
   <div class='ocr_carea' id='block_1_7' title="bbox 228 1531 335 1584">
    <p class='ocr_par' dir='ltr' id='par_1_7' title="bbox 228 1531 335 1584">
     <span class='ocr_line' id='line_1_13' title="bbox 228 1531 335 1584; baseline 0 -1"><span class='ocrx_word' id='word_1_134' title='bbox 228 1531 255 1583; x_wconf 88' lang='lat' dir='ltr'><strong>P.</strong></span> <span class='ocrx_word' id='word_1_135' title='bbox 277 1532 335 1584; x_wconf 81' lang='lat'><strong>193.</strong></span> 
     </span>
    </p>
   </div>
   <div class='ocr_carea' id='block_1_8' title="bbox 123 1636 1222 1882">
    <p class='ocr_par' dir='ltr' id='par_1_8' title="bbox 123 1636 1222 1882">
     <span class='ocr_line' id='line_1_14' title="bbox 196 1636 1220 1706; baseline 0.006 -16"><span class='ocrx_word' id='word_1_136' title='bbox 196 1639 219 1690; x_wconf 89' lang='grc'><strong>1.</strong></span> <span class='ocrx_word' id='word_1_137' title='bbox 246 1636 441 1693; x_wconf 86' lang='lat' dir='ltr'><strong>adriserath.</strong></span> <span class='ocrx_word' id='word_1_138' title='bbox 478 1636 528 1688; x_wconf 89' lang='lat' dir='ltr'><strong>Sed</strong></span> <span class='ocrx_word' id='word_1_139' title='bbox 553 1637 605 1690; x_wconf 88' lang='lat' dir='ltr'><strong>vid.</strong></span> <span class='ocrx_word' id='word_1_140' title='bbox 630 1651 696 1706; x_wconf 86' lang='lat' dir='ltr'><strong>quse</strong></span> <span class='ocrx_word' id='word_1_141' title='bbox 718 1639 805 1689; x_wconf 90' lang='lat' dir='ltr'><strong>monui</strong></span> <span class='ocrx_word' id='word_1_142' title='bbox 831 1637 862 1689; x_wconf 86' lang='lat' dir='ltr'><strong>od</strong></span> <span class='ocrx_word' id='word_1_143' title='bbox 880 1638 900 1691; x_wconf 90' lang='lat'><strong>1.</strong></span> <span class='ocrx_word' id='word_1_144' title='bbox 921 1639 945 1693; x_wconf 90' lang='lat'><strong>1.</strong></span> <span class='ocrx_word' id='word_1_145' title='bbox 964 1643 988 1706; x_wconf 87' lang='lat'><strong>§.</strong></span> <span class='ocrx_word' id='word_1_146' title='bbox 1010 1641 1041 1706; x_wconf 86' lang='lat' dir='ltr'><strong>i,</strong></span> <span class='ocrx_word' id='word_1_147' title='bbox 1061 1642 1084 1694; x_wconf 88' lang='lat'><strong>1.</strong></span> <span class='ocrx_word' id='word_1_148' title='bbox 1120 1642 1220 1698; x_wconf 86' lang='lat' dir='ltr'><strong>Deinde</strong></span> 
     </span>
     <span class='ocr_line' id='line_1_15' title="bbox 123 1723 1221 1795; baseline 0.006 -15"><span class='ocrx_word' id='word_1_149' title='bbox 123 1728 264 1782; x_wconf 82' lang='lat' dir='ltr'><strong>inuectieio</strong></span> <span class='ocrx_word' id='word_1_150' title='bbox 290 1733 361 1778; x_wconf 83' lang='lat' dir='ltr'><strong>recta</strong></span> <span class='ocrx_word' id='word_1_151' title='bbox 379 1724 418 1777; x_wconf 90' lang='lat' dir='ltr'><strong>W.</strong></span> <span class='ocrx_word' id='word_1_152' title='bbox 437 1723 499 1776; x_wconf 90' lang='lat' dir='ltr'><strong>Bbc.</strong></span> <span class='ocrx_word' id='word_1_153' title='bbox 520 1724 572 1776; x_wconf 79' lang='lat' dir='ltr'><strong>ttet</strong></span> <span class='ocrx_word' id='word_1_154' title='bbox 587 1727 700 1795; x_wconf 86' lang='lat' dir='ltr'><strong>itemque</strong></span> <span class='ocrx_word' id='word_1_155' title='bbox 719 1724 777 1777; x_wconf 88' lang='lat' dir='ltr'><strong>edd.</strong></span> <span class='ocrx_word' id='word_1_156' title='bbox 799 1725 864 1779; x_wconf 88' lang='lat' dir='ltr'><strong>bied.</strong></span> <span class='ocrx_word' id='word_1_157' title='bbox 884 1725 953 1780; x_wconf 87' lang='lat' dir='ltr'><strong>Cost.</strong></span> <span class='ocrx_word' id='word_1_158' title='bbox 971 1727 1061 1794; x_wconf 82' lang='lat' dir='ltr'><strong>Rom,</strong></span> <span class='ocrx_word' id='word_1_159' title='bbox 1088 1733 1221 1787; x_wconf 81' lang='lat' dir='ltr'><strong>invectitio</strong></span> 
     </span>
     <span class='ocr_line' id='line_1_16' title="bbox 123 1810 1222 1882; baseline 0.008 -18"><span class='ocrx_word' id='word_1_160' title='bbox 123 1812 225 1866; x_wconf 85' lang='lat' dir='ltr'><strong>itisbde.</strong></span> <span class='ocrx_word' id='word_1_161' title='bbox 244 1810 288 1866; x_wconf 86' lang='lat' dir='ltr'><strong>Ba.</strong></span> <span class='ocrx_word' id='word_1_162' title='bbox 307 1812 405 1865; x_wconf 80' lang='lat' dir='ltr'><strong>Erssm.</strong></span> <span class='ocrx_word' id='word_1_163' title='bbox 424 1812 513 1866; x_wconf 90' lang='lat' dir='ltr'><strong>Pistor.</strong></span> <span class='ocrx_word' id='word_1_164' title='bbox 533 1813 612 1865; x_wconf 76' lang='lat' dir='ltr'><strong>baur.</strong></span> <span class='ocrx_word' id='word_1_165' title='bbox 633 1812 707 1878; x_wconf 70' lang='lat' dir='ltr'><strong>Giib,</strong></span> <span class='ocrx_word' id='word_1_166' title='bbox 727 1817 829 1870; x_wconf 86' lang='lat' dir='ltr'><strong>inuecto</strong></span> <span class='ocrx_word' id='word_1_167' title='bbox 848 1816 979 1882; x_wconf 84' lang='lat' dir='ltr'><strong>exemplar</strong></span> <span class='ocrx_word' id='word_1_168' title='bbox 991 1814 1056 1880; x_wconf 81' lang='lat' dir='ltr'><strong>cot,</strong></span> <span class='ocrx_word' id='word_1_169' title='bbox 1074 1821 1222 1873; x_wconf 84' lang='lat' dir='ltr'><strong>invectione</strong></span> 
     </span>
    </p>
   </div>
   <div class='ocr_carea' id='block_1_9' title="bbox 123 1900 1219 1972">
    <p class='ocr_par' dir='ltr' id='par_1_9' title="bbox 123 1900 1219 1972">
     <span class='ocr_line' id='line_1_17' title="bbox 123 1900 1219 1972; baseline 0.005 -20"><span class='ocrx_word' id='word_1_170' title='bbox 123 1900 175 1972; x_wconf 75' lang='lat' dir='ltr'><strong>ttg,</strong></span> <span class='ocrx_word' id='word_1_171' title='bbox 195 1903 306 1956; x_wconf 81' lang='lat' dir='ltr'><strong>invectio</strong></span> <span class='ocrx_word' id='word_1_172' title='bbox 323 1904 400 1957; x_wconf 75' lang='lat' dir='ltr'><strong>ertia</strong></span> <span class='ocrx_word' id='word_1_173' title='bbox 419 1900 538 1966; x_wconf 76' lang='lat' dir='ltr'><strong>Ammb,</strong></span> <span class='ocrx_word' id='word_1_174' title='bbox 558 1901 617 1967; x_wconf 87' lang='lat' dir='ltr'><strong>,vei</strong></span> <span class='ocrx_word' id='word_1_175' title='bbox 635 1904 729 1957; x_wconf 86' lang='lat' dir='ltr'><strong>uriie“</strong></span> <span class='ocrx_word' id='word_1_176' title='bbox 749 1917 772 1953; x_wconf 89' lang='lat' dir='ltr'><strong>s.</strong></span> <span class='ocrx_word' id='word_1_177' title='bbox 792 1919 824 1954; x_wconf 88' lang='lat' dir='ltr'><strong>m.</strong></span> <span class='ocrx_word' id='word_1_178' title='bbox 845 1903 957 1968; x_wconf 80' lang='lat' dir='ltr'><strong>saeculi,</strong></span> <span class='ocrx_word' id='word_1_179' title='bbox 977 1911 1004 1953; x_wconf 90' lang='lat' dir='ltr'><strong>ut</strong></span> <span class='ocrx_word' id='word_1_180' title='bbox 1022 1905 1138 1970; x_wconf 83' lang='lat' dir='ltr'><strong>videtur,</strong></span> <span class='ocrx_word' id='word_1_181' title='bbox 1154 1904 1219 1958; x_wconf 80' lang='lat' dir='ltr'><strong>xiil.</strong></span> 
     </span>
    </p>
   </div>
   <div class='ocr_carea' id='block_1_10' title="bbox 123 1992 1220 2114">
    <p class='ocr_par' dir='ltr' id='par_1_10' title="bbox 123 1992 1220 2114">
     <span class='ocr_line' id='line_1_18' title="bbox 123 1992 1220 2114; baseline 0.006 -21"><span class='ocrx_word' id='word_1_182' title='bbox 123 2045 149 2093; x_wconf 90' lang='lat' dir='ltr'><strong>in</strong></span> <span class='ocrx_word' id='word_1_183' title='bbox 167 2056 217 2109; x_wconf 81' lang='lat' dir='ltr'><strong>mg.</strong></span> <span class='ocrx_word' id='word_1_184' title='bbox 236 2038 284 2094; x_wconf 85' lang='lat' dir='ltr'><strong>tta.</strong></span> <span class='ocrx_word' id='word_1_185' title='bbox 319 2039 381 2093; x_wconf 83' lang='lat' dir='ltr'><strong>Tum</strong></span> <span class='ocrx_word' id='word_1_186' title='bbox 399 2041 467 2094; x_wconf 89' lang='lat' dir='ltr'><strong>idem</strong></span> <span class='ocrx_word' id='word_1_187' title='bbox 487 2042 552 2094; x_wconf 87' lang='lat' dir='ltr'><strong>iiber</strong></span> <span class='ocrx_word' id='word_1_188' title='bbox 565 1992 630 2098; x_wconf 53' lang='lat' dir='ltr'><strong>:inp</strong></span> <span class='ocrx_word' id='word_1_189' title='bbox 650 2001 783 2114; x_wconf 62' lang='lat' dir='ltr'><strong>epehusm</strong></span> <span class='ocrx_word' id='word_1_190' title='bbox 808 2043 999 2111; x_wconf 72' lang='lat' dir='ltr'><strong>immutate.</strong></span> <span class='ocrx_word' id='word_1_191' title='bbox 1019 2042 1067 2111; x_wconf 87' lang='grc' dir='ltr'><strong>ιιι.)</strong></span> <span class='ocrx_word' id='word_1_192' title='bbox 1087 2049 1220 2113; x_wconf 73' lang='lat' dir='ltr'><strong>frumento</strong></span> 
     </span>
    </p>
   </div>
   <div class='ocr_carea' id='block_1_11' title="bbox 122 2130 1223 3164">
    <p class='ocr_par' dir='ltr' id='par_1_11' title="bbox 122 2130 1223 3164">
     <span class='ocr_line' id='line_1_19' title="bbox 122 2130 1223 2202; baseline 0.002 -18"><span class='ocrx_word' id='word_1_193' title='bbox 122 2133 257 2202; x_wconf 80' lang='lat' dir='ltr'><strong>potuisset</strong></span> <span class='ocrx_word' id='word_1_194' title='bbox 273 2133 380 2195; x_wconf 72' lang='lat' dir='ltr'><strong>itineri,</strong></span> <span class='ocrx_word' id='word_1_195' title='bbox 404 2130 462 2181; x_wconf 80' lang='lat' dir='ltr'><strong>ttbd</strong></span> <span class='ocrx_word' id='word_1_196' title='bbox 481 2133 608 2202; x_wconf 81' lang='lat' dir='ltr'><strong>itemque</strong></span> <span class='ocrx_word' id='word_1_197' title='bbox 627 2137 662 2200; x_wconf 77' lang='lat' dir='ltr'><strong>fr.</strong></span> <span class='ocrx_word' id='word_1_198' title='bbox 679 2152 706 2202; x_wconf 85' lang='lat' dir='ltr'><strong>p.</strong></span> <span class='ocrx_word' id='word_1_199' title='bbox 726 2135 763 2193; x_wconf 77' lang='lat' dir='ltr'><strong>i..</strong></span> <span class='ocrx_word' id='word_1_200' title='bbox 787 2131 871 2200; x_wconf 81' lang='lat' dir='ltr'><strong>biceig</strong></span> <span class='ocrx_word' id='word_1_201' title='bbox 895 2147 960 2200; x_wconf 83' lang='lat' dir='ltr'><strong>quaa</strong></span> <span class='ocrx_word' id='word_1_202' title='bbox 982 2133 1018 2200; x_wconf 74' lang='lat' dir='ltr'><strong>fr.</strong></span> <span class='ocrx_word' id='word_1_203' title='bbox 1040 2149 1066 2200; x_wconf 83' lang='lat' dir='ltr'><strong>p.</strong></span> <span class='ocrx_word' id='word_1_204' title='bbox 1085 2133 1104 2183; x_wconf 91' lang='lat' dir='ltr'><strong>i.</strong></span> <span class='ocrx_word' id='word_1_205' title='bbox 1150 2132 1175 2183; x_wconf 89' lang='lat'><strong>2.</strong></span> <span class='ocrx_word' id='word_1_206' title='bbox 1194 2136 1223 2187; x_wconf 86' lang='lat' dir='ltr'><strong>si</strong></span> 
     </span>
     <span class='ocr_line' id='line_1_20' title="bbox 122 2215 1219 2288; baseline -0.003 -16"><span class='ocrx_word' id='word_1_207' title='bbox 122 2228 253 2288; x_wconf 81' lang='lat' dir='ltr'><strong>peteretur</strong></span> <span class='ocrx_word' id='word_1_208' title='bbox 270 2216 307 2270; x_wconf 82' lang='lat' dir='ltr'><strong>bb</strong></span> <span class='ocrx_word' id='word_1_209' title='bbox 326 2225 352 2269; x_wconf 84' lang='lat' dir='ltr'><strong>et</strong></span> <span class='ocrx_word' id='word_1_210' title='bbox 370 2218 428 2269; x_wconf 89' lang='lat' dir='ltr'><strong>edd.</strong></span> <span class='ocrx_word' id='word_1_211' title='bbox 449 2218 516 2270; x_wconf 84' lang='lat' dir='ltr'><strong>Med.</strong></span> <span class='ocrx_word' id='word_1_212' title='bbox 536 2218 613 2271; x_wconf 86' lang='lat' dir='ltr'><strong>diaur.</strong></span> <span class='ocrx_word' id='word_1_213' title='bbox 633 2227 708 2287; x_wconf 85' lang='lat' dir='ltr'><strong>atque</strong></span> <span class='ocrx_word' id='word_1_214' title='bbox 728 2217 802 2283; x_wconf 74' lang='lat' dir='ltr'><strong>Giib,</strong></span> <span class='ocrx_word' id='word_1_215' title='bbox 823 2221 850 2273; x_wconf 87' lang='lat' dir='ltr'><strong>si</strong></span> <span class='ocrx_word' id='word_1_216' title='bbox 867 2226 980 2287; x_wconf 81' lang='lat' dir='ltr'><strong>peterent</strong></span> <span class='ocrx_word' id='word_1_217' title='bbox 999 2215 1102 2270; x_wconf 82' lang='lat' dir='ltr'><strong>Amerb.</strong></span> <span class='ocrx_word' id='word_1_218' title='bbox 1122 2217 1219 2269; x_wconf 82' lang='lat' dir='ltr'><strong>Erasm.</strong></span> 
     </span>
     <span class='ocr_line' id='line_1_21' title="bbox 125 2303 1220 2376; baseline -0.002 -18"><span class='ocrx_word' id='word_1_219' title='bbox 125 2305 193 2358; x_wconf 82' lang='lat' dir='ltr'><strong>Cost.</strong></span> <span class='ocrx_word' id='word_1_220' title='bbox 214 2303 302 2357; x_wconf 88' lang='lat' dir='ltr'><strong>Pistor.</strong></span> <span class='ocrx_word' id='word_1_221' title='bbox 320 2305 407 2372; x_wconf 85' lang='lat' dir='ltr'><strong>Rom,</strong></span> <span class='ocrx_word' id='word_1_222' title='bbox 433 2316 549 2376; x_wconf 82' lang='lat' dir='ltr'><strong>peterent</strong></span> <span class='ocrx_word' id='word_1_223' title='bbox 567 2308 630 2375; x_wconf 85' lang='lat' dir='ltr'><strong>(om.</strong></span> <span class='ocrx_word' id='word_1_224' title='bbox 649 2307 688 2370; x_wconf 85' lang='lat' dir='ltr'><strong>si)</strong></span> <span class='ocrx_word' id='word_1_225' title='bbox 707 2303 762 2357; x_wconf 86' lang='lat' dir='ltr'><strong>Coi.</strong></span> <span class='ocrx_word' id='word_1_226' title='bbox 800 2305 848 2356; x_wconf 86' lang='lat' dir='ltr'><strong>Pro</strong></span> <span class='ocrx_word' id='word_1_227' title='bbox 869 2308 896 2359; x_wconf 85' lang='lat' dir='ltr'><strong>si</strong></span> <span class='ocrx_word' id='word_1_228' title='bbox 913 2313 1045 2373; x_wconf 87' lang='lat' dir='ltr'><strong>peteretur</strong></span> <span class='ocrx_word' id='word_1_229' title='bbox 1068 2304 1143 2355; x_wconf 90' lang='lat' dir='ltr'><strong>codd.</strong></span> <span class='ocrx_word' id='word_1_230' title='bbox 1162 2304 1220 2356; x_wconf 84' lang='lat' dir='ltr'><strong>bin-</strong></span> 
     </span>
     <span class='ocr_line' id='line_1_22' title="bbox 122 2390 1221 2464; baseline -0.004 -18"><span class='ocrx_word' id='word_1_231' title='bbox 122 2409 193 2446; x_wconf 83' lang='lat' dir='ltr'><strong>nncc.</strong></span> <span class='ocrx_word' id='word_1_232' title='bbox 214 2400 240 2444; x_wconf 89' lang='lat' dir='ltr'><strong>et</strong></span> <span class='ocrx_word' id='word_1_233' title='bbox 258 2391 293 2442; x_wconf 80' lang='lat' dir='ltr'><strong>na</strong></span> <span class='ocrx_word' id='word_1_234' title='bbox 313 2392 434 2445; x_wconf 75' lang='lat' dir='ltr'><strong>exhibent</strong></span> <span class='ocrx_word' id='word_1_235' title='bbox 449 2397 585 2464; x_wconf 83' lang='lat' dir='ltr'><strong>petebatur</strong></span> <span class='ocrx_word' id='word_1_236' title='bbox 609 2400 703 2460; x_wconf 89' lang='lat' dir='ltr'><strong>puncto</strong></span> <span class='ocrx_word' id='word_1_237' title='bbox 728 2393 884 2459; x_wconf 86' lang='lat' dir='ltr'><strong>praemisso,</strong></span> <span class='ocrx_word' id='word_1_238' title='bbox 914 2393 1056 2443; x_wconf 87' lang='lat' dir='ltr'><strong>metebatur</strong></span> <span class='ocrx_word' id='word_1_239' title='bbox 1075 2390 1162 2443; x_wconf 75' lang='lat' dir='ltr'><strong>scribit</strong></span> <span class='ocrx_word' id='word_1_240' title='bbox 1179 2391 1221 2455; x_wconf 88' lang='lat' dir='ltr'><strong>W,</strong></span> 
     </span>
     <span class='ocr_line' id='line_1_23' title="bbox 123 2476 1220 2549; baseline -0.001 -17"><span class='ocrx_word' id='word_1_241' title='bbox 123 2483 282 2533; x_wconf 87' lang='lat' dir='ltr'><strong>maetebatur</strong></span> <span class='ocrx_word' id='word_1_242' title='bbox 300 2480 365 2548; x_wconf 87' lang='lat' dir='ltr'><strong>(sic)</strong></span> <span class='ocrx_word' id='word_1_243' title='bbox 392 2497 412 2532; x_wconf 88' lang='lat' dir='ltr'><strong>r.</strong></span> <span class='ocrx_word' id='word_1_244' title='bbox 431 2497 463 2531; x_wconf 88' lang='lat' dir='ltr'><strong>m.</strong></span> <span class='ocrx_word' id='word_1_245' title='bbox 489 2481 520 2531; x_wconf 85' lang='lat' dir='ltr'><strong>nd</strong></span> <span class='ocrx_word' id='word_1_246' title='bbox 548 2497 597 2549; x_wconf 83' lang='lat' dir='ltr'><strong>mg.</strong></span> <span class='ocrx_word' id='word_1_247' title='bbox 623 2480 716 2532; x_wconf 81' lang='lat' dir='ltr'><strong>ediscit</strong></span> <span class='ocrx_word' id='word_1_248' title='bbox 739 2481 763 2531; x_wconf 93' lang='lat' dir='ltr'><strong>in</strong></span> <span class='ocrx_word' id='word_1_249' title='bbox 784 2479 832 2530; x_wconf 83' lang='lat' dir='ltr'><strong>Mu.</strong></span> <span class='ocrx_word' id='word_1_250' title='bbox 872 2479 896 2530; x_wconf 84' lang='grc'><strong>3.</strong></span> <span class='ocrx_word' id='word_1_251' title='bbox 916 2486 940 2531; x_wconf 86' lang='lat' dir='ltr'><strong>et</strong></span> <span class='ocrx_word' id='word_1_252' title='bbox 958 2492 1008 2528; x_wconf 87' lang='lat' dir='ltr'><strong>orn.</strong></span> <span class='ocrx_word' id='word_1_253' title='bbox 1028 2476 1089 2538; x_wconf 67' lang='lat' dir='ltr'><strong>Bc.x</strong></span> <span class='ocrx_word' id='word_1_254' title='bbox 1115 2477 1176 2528; x_wconf 76' lang='lat' dir='ltr'><strong>det</strong></span> <span class='ocrx_word' id='word_1_255' title='bbox 1195 2481 1220 2531; x_wconf 87' lang='grc'><strong>5.</strong></span> 
     </span>
     <span class='ocr_line' id='line_1_24' title="bbox 123 2566 1222 2637; baseline 0.002 -17"><span class='ocrx_word' id='word_1_256' title='bbox 123 2569 190 2620; x_wconf 85' lang='lat' dir='ltr'><strong>eicis</strong></span> <span class='ocrx_word' id='word_1_257' title='bbox 208 2566 283 2619; x_wconf 87' lang='lat' dir='ltr'><strong>codd.</strong></span> <span class='ocrx_word' id='word_1_258' title='bbox 303 2583 400 2634; x_wconf 88' lang='lat' dir='ltr'><strong>omncs,</strong></span> <span class='ocrx_word' id='word_1_259' title='bbox 419 2572 497 2624; x_wconf 87' lang='lat' dir='ltr'><strong>eiicis</strong></span> <span class='ocrx_word' id='word_1_260' title='bbox 509 2569 596 2637; x_wconf 78' lang='lat' dir='ltr'><strong>vulgo.</strong></span> <span class='ocrx_word' id='word_1_261' title='bbox 632 2568 681 2620; x_wconf 90' lang='lat' dir='ltr'><strong>Pro</strong></span> <span class='ocrx_word' id='word_1_262' title='bbox 700 2572 731 2623; x_wconf 84' lang='lat' dir='ltr'><strong>de</strong></span> <span class='ocrx_word' id='word_1_263' title='bbox 742 2586 793 2623; x_wconf 84' lang='lat' dir='ltr'><strong>suo</strong></span> <span class='ocrx_word' id='word_1_264' title='bbox 806 2567 848 2636; x_wconf 81' lang='lat' dir='ltr'><strong>big</strong></span> <span class='ocrx_word' id='word_1_265' title='bbox 859 2566 937 2618; x_wconf 80' lang='lat' dir='ltr'><strong>habet</strong></span> <span class='ocrx_word' id='word_1_266' title='bbox 954 2569 985 2620; x_wconf 85' lang='lat' dir='ltr'><strong>de</strong></span> <span class='ocrx_word' id='word_1_267' title='bbox 997 2575 1050 2619; x_wconf 85' lang='lat' dir='ltr'><strong>tuo.</strong></span> <span class='ocrx_word' id='word_1_268' title='bbox 1087 2566 1112 2618; x_wconf 87' lang='lat'><strong>5.</strong></span> <span class='ocrx_word' id='word_1_269' title='bbox 1131 2570 1222 2622; x_wconf 84' lang='lat' dir='ltr'><strong>trudes</strong></span> 
     </span>
     <span class='ocr_line' id='line_1_25' title="bbox 124 2652 1222 2725; baseline 0.002 -23"><span class='ocrx_word' id='word_1_270' title='bbox 124 2652 166 2717; x_wconf 88' lang='lat' dir='ltr'><strong>W,</strong></span> <span class='ocrx_word' id='word_1_271' title='bbox 185 2654 244 2705; x_wconf 91' lang='lat' dir='ltr'><strong>item</strong></span> <span class='ocrx_word' id='word_1_272' title='bbox 264 2671 302 2723; x_wconf 86' lang='lat' dir='ltr'><strong>pr.</strong></span> <span class='ocrx_word' id='word_1_273' title='bbox 315 2655 366 2721; x_wconf 84' lang='lat' dir='ltr'><strong>bis,</strong></span> <span class='ocrx_word' id='word_1_274' title='bbox 384 2657 409 2707; x_wconf 89' lang='lat' dir='ltr'><strong>in</strong></span> <span class='ocrx_word' id='word_1_275' title='bbox 428 2671 477 2725; x_wconf 91' lang='lat' dir='ltr'><strong>quo</strong></span> <span class='ocrx_word' id='word_1_276' title='bbox 496 2670 517 2707; x_wconf 89' lang='lat' dir='ltr'><strong>r.</strong></span> <span class='ocrx_word' id='word_1_277' title='bbox 536 2671 569 2706; x_wconf 88' lang='lat' dir='ltr'><strong>m.</strong></span> <span class='ocrx_word' id='word_1_278' title='bbox 585 2655 685 2707; x_wconf 83' lang='lat' dir='ltr'><strong>reduxit</strong></span> <span class='ocrx_word' id='word_1_279' title='bbox 697 2658 793 2718; x_wconf 83' lang='lat' dir='ltr'><strong>trudis,</strong></span> <span class='ocrx_word' id='word_1_280' title='bbox 814 2655 883 2722; x_wconf 84' lang='lat' dir='ltr'><strong>quod</strong></span> <span class='ocrx_word' id='word_1_281' title='bbox 901 2654 994 2722; x_wconf 78' lang='lat' dir='ltr'><strong>legitur</strong></span> <span class='ocrx_word' id='word_1_282' title='bbox 1006 2655 1082 2706; x_wconf 81' lang='lat' dir='ltr'><strong>etism</strong></span> <span class='ocrx_word' id='word_1_283' title='bbox 1093 2655 1118 2704; x_wconf 91' lang='lat' dir='ltr'><strong>in</strong></span> <span class='ocrx_word' id='word_1_284' title='bbox 1130 2655 1222 2705; x_wconf 86' lang='lat' dir='ltr'><strong>ceteris</strong></span> 
     </span>
     <span class='ocr_line' id='line_1_26' title="bbox 124 2740 1223 2814; baseline 0.003 -22"><span class='ocrx_word' id='word_1_285' title='bbox 124 2740 237 2793; x_wconf 80' lang='lat' dir='ltr'><strong>Menace.</strong></span> <span class='ocrx_word' id='word_1_286' title='bbox 282 2741 307 2794; x_wconf 87' lang='grc'><strong>6.</strong></span> <span class='ocrx_word' id='word_1_287' title='bbox 327 2746 438 2814; x_wconf 72' lang='lat' dir='ltr'><strong>inpertit</strong></span> <span class='ocrx_word' id='word_1_288' title='bbox 458 2742 489 2793; x_wconf 91' lang='lat' dir='ltr'>W</span> <span class='ocrx_word' id='word_1_289' title='bbox 508 2750 534 2795; x_wconf 92' lang='lat' dir='ltr'><strong>et</strong></span> <span class='ocrx_word' id='word_1_290' title='bbox 551 2742 606 2808; x_wconf 82' lang='lat' dir='ltr'><strong>tta,</strong></span> <span class='ocrx_word' id='word_1_291' title='bbox 635 2746 688 2813; x_wconf 81' lang='lat' dir='ltr'><strong>inp.</strong></span> <span class='ocrx_word' id='word_1_292' title='bbox 708 2751 755 2811; x_wconf 87' lang='lat' dir='ltr'><strong>per</strong></span> <span class='ocrx_word' id='word_1_293' title='bbox 772 2744 906 2811; x_wconf 84' lang='lat' dir='ltr'><strong>compend.</strong></span> <span class='ocrx_word' id='word_1_294' title='bbox 926 2741 968 2793; x_wconf 83' lang='lat' dir='ltr'><strong>bib</strong></span> <span class='ocrx_word' id='word_1_295' title='bbox 988 2751 1013 2794; x_wconf 89' lang='lat' dir='ltr'><strong>et</strong></span> <span class='ocrx_word' id='word_1_296' title='bbox 1032 2741 1082 2807; x_wconf 84' lang='lat' dir='ltr'><strong>Rc,</strong></span> <span class='ocrx_word' id='word_1_297' title='bbox 1100 2744 1223 2813; x_wconf 84' lang='lat' dir='ltr'><strong>impertis</strong></span> 
     </span>
     <span class='ocr_line' id='line_1_27' title="bbox 124 2828 1222 2900; baseline -0.002 -20"><span class='ocrx_word' id='word_1_298' title='bbox 124 2829 173 2894; x_wconf 83' lang='lat' dir='ltr'><strong>bic,</strong></span> <span class='ocrx_word' id='word_1_299' title='bbox 192 2838 219 2880; x_wconf 89' lang='lat' dir='ltr'><strong>ut</strong></span> <span class='ocrx_word' id='word_1_300' title='bbox 237 2829 295 2881; x_wconf 88' lang='lat' dir='ltr'><strong>edd.</strong></span> <span class='ocrx_word' id='word_1_301' title='bbox 315 2830 393 2883; x_wconf 77' lang='lat' dir='ltr'><strong>Maur.</strong></span> <span class='ocrx_word' id='word_1_302' title='bbox 414 2839 439 2883; x_wconf 90' lang='lat' dir='ltr'><strong>ct</strong></span> <span class='ocrx_word' id='word_1_303' title='bbox 457 2829 532 2896; x_wconf 75' lang='lat' dir='ltr'><strong>Gith,</strong></span> <span class='ocrx_word' id='word_1_304' title='bbox 553 2833 615 2900; x_wconf 87' lang='lat' dir='ltr'><strong>imp.</strong></span> <span class='ocrx_word' id='word_1_305' title='bbox 635 2846 683 2897; x_wconf 89' lang='lat' dir='ltr'><strong>per</strong></span> <span class='ocrx_word' id='word_1_306' title='bbox 701 2830 836 2898; x_wconf 87' lang='lat' dir='ltr'><strong>compend.</strong></span> <span class='ocrx_word' id='word_1_307' title='bbox 857 2829 914 2882; x_wconf 87' lang='lat' dir='ltr'><strong>bide</strong></span> <span class='ocrx_word' id='word_1_308' title='bbox 933 2839 959 2880; x_wconf 90' lang='lat' dir='ltr'><strong>et</strong></span> <span class='ocrx_word' id='word_1_309' title='bbox 976 2828 1030 2881; x_wconf 85' lang='lat' dir='ltr'><strong>Bab</strong></span> <span class='ocrx_word' id='word_1_310' title='bbox 1050 2847 1072 2882; x_wconf 91' lang='lat' dir='ltr'><strong>c.</strong></span> <span class='ocrx_word' id='word_1_311' title='bbox 1091 2829 1132 2881; x_wconf 88' lang='lat' dir='ltr'><strong>ed.</strong></span> <span class='ocrx_word' id='word_1_312' title='bbox 1146 2828 1222 2894; x_wconf 86' lang='lat' dir='ltr'><strong>Med,</strong></span> 
     </span>
     <span class='ocr_line' id='line_1_28' title="bbox 123 2916 1223 2988; baseline 0.002 -18"><span class='ocrx_word' id='word_1_313' title='bbox 123 2920 247 2986; x_wconf 80' lang='lat' dir='ltr'><strong>impartis</strong></span> <span class='ocrx_word' id='word_1_314' title='bbox 267 2916 368 2973; x_wconf 82' lang='lat' dir='ltr'><strong>Amerb.</strong></span> <span class='ocrx_word' id='word_1_315' title='bbox 388 2918 484 2972; x_wconf 87' lang='lat' dir='ltr'><strong>Erosm.</strong></span> <span class='ocrx_word' id='word_1_316' title='bbox 504 2918 572 2974; x_wconf 83' lang='lat' dir='ltr'><strong>Cost.</strong></span> <span class='ocrx_word' id='word_1_317' title='bbox 598 2919 688 2972; x_wconf 89' lang='lat' dir='ltr'><strong>Pistor.</strong></span> <span class='ocrx_word' id='word_1_318' title='bbox 713 2919 801 2984; x_wconf 81' lang='lat' dir='ltr'><strong>Rom,</strong></span> <span class='ocrx_word' id='word_1_319' title='bbox 829 2922 976 2987; x_wconf 84' lang='lat' dir='ltr'><strong>impertiris</strong></span> <span class='ocrx_word' id='word_1_320' title='bbox 1005 2918 1047 2970; x_wconf 83' lang='lat' dir='ltr'><strong>vet</strong></span> <span class='ocrx_word' id='word_1_321' title='bbox 1072 2921 1223 2988; x_wconf 87' lang='lat' dir='ltr'><strong>impartiris</strong></span> 
     </span>
     <span class='ocr_line' id='line_1_29' title="bbox 125 2998 1222 3076; baseline 0 -20"><span class='ocrx_word' id='word_1_322' title='bbox 125 3005 192 3073; x_wconf 79' lang='lat' dir='ltr'><strong>titg,</strong></span> <span class='ocrx_word' id='word_1_323' title='bbox 214 2998 364 3076; x_wconf 82' lang='lat' dir='ltr'><strong>impartiris</strong></span> <span class='ocrx_word' id='word_1_324' title='bbox 387 3009 452 3060; x_wconf 89' lang='lat' dir='ltr'><strong>coni.</strong></span> <span class='ocrx_word' id='word_1_325' title='bbox 489 3010 620 3063; x_wconf 81' lang='lat' dir='ltr'><strong>Dominic-</strong></span> <span class='ocrx_word' id='word_1_326' title='bbox 640 3010 729 3062; x_wconf 83' lang='lat' dir='ltr'><strong>Macer</strong></span> <span class='ocrx_word' id='word_1_327' title='bbox 755 3008 780 3059; x_wconf 91' lang='lat' dir='ltr'><strong>in</strong></span> <span class='ocrx_word' id='word_1_328' title='bbox 805 3006 894 3058; x_wconf 87' lang='lat' dir='ltr'><strong>Latinii</strong></span> <span class='ocrx_word' id='word_1_329' title='bbox 919 3004 1076 3058; x_wconf 83' lang='lat' dir='ltr'><strong>Bibliotheca</strong></span> <span class='ocrx_word' id='word_1_330' title='bbox 1103 3021 1168 3058; x_wconf 86' lang='lat' dir='ltr'><strong>sacr.</strong></span> <span class='ocrx_word' id='word_1_331' title='bbox 1196 3012 1222 3057; x_wconf 89' lang='lat' dir='ltr'><strong>et</strong></span> 
     </span>
     <span class='ocr_line' id='line_1_30' title="bbox 125 3093 543 3164; baseline 0.007 -19"><span class='ocrx_word' id='word_1_332' title='bbox 125 3094 191 3162; x_wconf 86' lang='lat' dir='ltr'><strong>proi.</strong></span> <span class='ocrx_word' id='word_1_333' title='bbox 220 3093 290 3147; x_wconf 87' lang='grc' dir='ltr'><strong>Τοιιι.</strong></span> <span class='ocrx_word' id='word_1_334' title='bbox 303 3093 321 3148; x_wconf 90' lang='lat'><strong>1.</strong></span> <span class='ocrx_word' id='word_1_335' title='bbox 340 3113 364 3164; x_wconf 92' lang='lat' dir='ltr'><strong>p.</strong></span> <span class='ocrx_word' id='word_1_336' title='bbox 378 3095 437 3148; x_wconf 82' lang='lat'><strong>132.</strong></span> <span class='ocrx_word' id='word_1_337' title='bbox 457 3097 505 3149; x_wconf 89' lang='lat' dir='ltr'><strong>col.</strong></span> <span class='ocrx_word' id='word_1_338' title='bbox 521 3097 543 3148; x_wconf 91' lang='lat'><strong>1.</strong></span> 
     </span>
    </p>
   </div>
   <div class='ocr_carea' id='block_1_12' title="bbox 126 3199 1291 3712">
    <p class='ocr_par' dir='ltr' id='par_1_12' title="bbox 126 3199 1291 3712">
     <span class='ocr_line' id='line_1_31' title="bbox 196 3199 1224 3271; baseline 0.004 -21"><span class='ocrx_word' id='word_1_339' title='bbox 196 3199 291 3266; x_wconf 80' lang='lat'><strong>§.50,</strong></span> <span class='ocrx_word' id='word_1_340' title='bbox 312 3202 334 3253; x_wconf 89' lang='lat'><strong>1.</strong></span> <span class='ocrx_word' id='word_1_341' title='bbox 358 3203 426 3255; x_wconf 84' lang='lat' dir='ltr'><strong>mim</strong></span> <span class='ocrx_word' id='word_1_342' title='bbox 449 3217 499 3253; x_wconf 87' lang='lat' dir='ltr'><strong>om.</strong></span> <span class='ocrx_word' id='word_1_343' title='bbox 519 3199 572 3266; x_wconf 91' lang='lat' dir='ltr'><strong>Bb,</strong></span> <span class='ocrx_word' id='word_1_344' title='bbox 601 3202 704 3253; x_wconf 86' lang='lat' dir='ltr'><strong>inverse</strong></span> <span class='ocrx_word' id='word_1_345' title='bbox 726 3210 813 3271; x_wconf 84' lang='lat' dir='ltr'><strong>potest</strong></span> <span class='ocrx_word' id='word_1_346' title='bbox 838 3203 908 3254; x_wconf 84' lang='lat' dir='ltr'><strong>enim</strong></span> <span class='ocrx_word' id='word_1_347' title='bbox 932 3204 997 3255; x_wconf 87' lang='lat' dir='ltr'><strong>utite</strong></span> <span class='ocrx_word' id='word_1_348' title='bbox 1020 3217 1081 3256; x_wconf 82' lang='lat' dir='ltr'><strong>esse</strong></span> <span class='ocrx_word' id='word_1_349' title='bbox 1109 3200 1224 3254; x_wconf 87' lang='lat' dir='ltr'><strong>scribunt</strong></span> 
     </span>
     <span class='ocr_line' id='line_1_32' title="bbox 126 3282 1225 3358; baseline 0.004 -19"><span class='ocrx_word' id='word_1_350' title='bbox 126 3282 237 3355; x_wconf 81' lang='lat' dir='ltr'><strong>bibcdg,</strong></span> <span class='ocrx_word' id='word_1_351' title='bbox 260 3291 325 3342; x_wconf 81' lang='lat' dir='ltr'><strong>utile</strong></span> <span class='ocrx_word' id='word_1_352' title='bbox 346 3299 399 3358; x_wconf 90' lang='lat' dir='ltr'><strong>pot.</strong></span> <span class='ocrx_word' id='word_1_353' title='bbox 423 3306 483 3343; x_wconf 79' lang='lat' dir='ltr'><strong>esse</strong></span> <span class='ocrx_word' id='word_1_354' title='bbox 508 3288 586 3341; x_wconf 79' lang='lat' dir='ltr'><strong>hebet</strong></span> <span class='ocrx_word' id='word_1_355' title='bbox 610 3289 650 3340; x_wconf 88' lang='lat' dir='ltr'><strong>od.</strong></span> <span class='ocrx_word' id='word_1_356' title='bbox 671 3285 743 3353; x_wconf 80' lang='lat' dir='ltr'><strong>Cot,</strong></span> <span class='ocrx_word' id='word_1_357' title='bbox 769 3298 821 3358; x_wconf 86' lang='lat' dir='ltr'><strong>pet.</strong></span> <span class='ocrx_word' id='word_1_358' title='bbox 847 3305 909 3342; x_wconf 86' lang='lat' dir='ltr'><strong>esse</strong></span> <span class='ocrx_word' id='word_1_359' title='bbox 933 3292 997 3343; x_wconf 77' lang='lat' dir='ltr'><strong>utile</strong></span> <span class='ocrx_word' id='word_1_360' title='bbox 1018 3288 1085 3341; x_wconf 84' lang='lat' dir='ltr'><strong>bied.</strong></span> <span class='ocrx_word' id='word_1_361' title='bbox 1120 3288 1182 3340; x_wconf 88' lang='lat' dir='ltr'><strong>Tum</strong></span> <span class='ocrx_word' id='word_1_362' title='bbox 1200 3297 1225 3343; x_wconf 89' lang='lat' dir='ltr'><strong>et</strong></span> 
     </span>
     <span class='ocr_line' id='line_1_33' title="bbox 126 3374 1291 3445; baseline -0.003 -16"><span class='ocrx_word' id='word_1_363' title='bbox 126 3379 233 3445; x_wconf 80' lang='lat' dir='ltr'><strong>quantis</strong></span> <span class='ocrx_word' id='word_1_364' title='bbox 251 3374 295 3427; x_wconf 80' lang='lat' dir='ltr'><strong>Ba.</strong></span> <span class='ocrx_word' id='word_1_365' title='bbox 332 3374 409 3428; x_wconf 83' lang='grc'><strong>3-4.</strong></span> <span class='ocrx_word' id='word_1_366' title='bbox 429 3377 571 3443; x_wconf 83' lang='lat' dir='ltr'><strong>dimittere]</strong></span> <span class='ocrx_word' id='word_1_367' title='bbox 591 3374 628 3427; x_wconf 84' lang='lat' dir='ltr'><strong>lta</strong></span> <span class='ocrx_word' id='word_1_368' title='bbox 648 3375 722 3427; x_wconf 90' lang='lat' dir='ltr'><strong>codd.</strong></span> <span class='ocrx_word' id='word_1_369' title='bbox 743 3374 773 3425; x_wconf 87' lang='lat' dir='ltr'>W</span> <span class='ocrx_word' id='word_1_370' title='bbox 793 3382 819 3426; x_wconf 87' lang='lat' dir='ltr'><strong>et</strong></span> <span class='ocrx_word' id='word_1_371' title='bbox 836 3374 960 3440; x_wconf 83' lang='lat' dir='ltr'><strong>bionocc,</strong></span> <span class='ocrx_word' id='word_1_372' title='bbox 979 3379 1096 3439; x_wconf 80' lang='lat' dir='ltr'><strong>amittere</strong></span> <span class='ocrx_word' id='word_1_373' title='bbox 1110 3374 1180 3427; x_wconf 84' lang='lat' dir='ltr'><strong>Babc</strong></span> <span class='ocrx_word' id='word_1_374' title='bbox 1200 3392 1222 3426; x_wconf 90' lang='lat' dir='ltr'><strong>c.</strong></span> <span class='ocrx_word' id='word_1_375' title='bbox 1288 3429 1291 3436; x_wconf 57' lang='grc'>,</span> 
     </span>
     <span class='ocr_line' id='line_1_34' title="bbox 127 3462 1224 3534; baseline 0 -18"><span class='ocrx_word' id='word_1_376' title='bbox 127 3463 209 3516; x_wconf 88' lang='lat' dir='ltr'><strong>editis.</strong></span> <span class='ocrx_word' id='word_1_377' title='bbox 254 3463 279 3515; x_wconf 80' lang='lat' dir='ltr'><strong>t.</strong></span> <span class='ocrx_word' id='word_1_378' title='bbox 305 3467 433 3534; x_wconf 83' lang='lat' dir='ltr'><strong>spectatis</strong></span> <span class='ocrx_word' id='word_1_379' title='bbox 461 3463 559 3532; x_wconf 80' lang='lat' dir='ltr'><strong>Mabog.</strong></span> <span class='ocrx_word' id='word_1_380' title='bbox 606 3463 645 3515; x_wconf 88' lang='lat' dir='ltr'><strong>De</strong></span> <span class='ocrx_word' id='word_1_381' title='bbox 673 3462 860 3530; x_wconf 83' lang='lat' dir='ltr'><strong>permutatione</strong></span> <span class='ocrx_word' id='word_1_382' title='bbox 888 3462 940 3513; x_wconf 90' lang='lat' dir='ltr'><strong>vid.</strong></span> <span class='ocrx_word' id='word_1_383' title='bbox 968 3464 1001 3515; x_wconf 85' lang='lat' dir='ltr'><strong>sd</strong></span> <span class='ocrx_word' id='word_1_384' title='bbox 1020 3463 1038 3516; x_wconf 91' lang='lat'><strong>1.</strong></span> <span class='ocrx_word' id='word_1_385' title='bbox 1059 3464 1082 3515; x_wconf 90' lang='grc'><strong>1,</strong></span> <span class='ocrx_word' id='word_1_386' title='bbox 1102 3466 1126 3529; x_wconf 90' lang='lat'><strong>§.</strong></span> <span class='ocrx_word' id='word_1_387' title='bbox 1148 3463 1179 3528; x_wconf 86' lang='lat' dir='ltr'><strong>i,</strong></span> <span class='ocrx_word' id='word_1_388' title='bbox 1199 3463 1224 3516; x_wconf 78' lang='grc'><strong>4.</strong></span> 
     </span>
     <span class='ocr_line' id='line_1_35' title="bbox 127 3551 1224 3627; baseline -0.009 -15"><span class='ocrx_word' id='word_1_389' title='bbox 127 3561 252 3627; x_wconf 71' lang='lat' dir='ltr'><strong>spectare</strong></span> <span class='ocrx_word' id='word_1_390' title='bbox 265 3551 385 3606; x_wconf 83' lang='lat' dir='ltr'><strong>exhibent</strong></span> <span class='ocrx_word' id='word_1_391' title='bbox 397 3552 473 3604; x_wconf 86' lang='lat' dir='ltr'><strong>bicdi.</strong></span> <span class='ocrx_word' id='word_1_392' title='bbox 510 3552 574 3605; x_wconf 87' lang='lat' dir='ltr'><strong>Dein</strong></span> <span class='ocrx_word' id='word_1_393' title='bbox 593 3555 732 3622; x_wconf 74' lang='lat' dir='ltr'><strong>operturus</strong></span> <span class='ocrx_word' id='word_1_394' title='bbox 751 3551 825 3602; x_wconf 90' lang='lat' dir='ltr'><strong>codd.</strong></span> <span class='ocrx_word' id='word_1_395' title='bbox 846 3565 933 3602; x_wconf 89' lang='lat' dir='ltr'><strong>omnes</strong></span> <span class='ocrx_word' id='word_1_396' title='bbox 948 3559 974 3603; x_wconf 87' lang='lat' dir='ltr'><strong>et</strong></span> <span class='ocrx_word' id='word_1_397' title='bbox 986 3552 1044 3604; x_wconf 84' lang='lat' dir='ltr'><strong>edd.</strong></span> <span class='ocrx_word' id='word_1_398' title='bbox 1059 3552 1112 3604; x_wconf 85' lang='lat' dir='ltr'><strong>Col.</strong></span> <span class='ocrx_word' id='word_1_399' title='bbox 1126 3551 1224 3604; x_wconf 83' lang='lat' dir='ltr'><strong>Ernsm.</strong></span> 
     </span>
     <span class='ocr_line' id='line_1_36' title="bbox 127 3638 1223 3712; baseline -0.005 -17"><span class='ocrx_word' id='word_1_400' title='bbox 127 3641 217 3696; x_wconf 86' lang='lat' dir='ltr'><strong>Pistor.</strong></span> <span class='ocrx_word' id='word_1_401' title='bbox 240 3641 329 3710; x_wconf 81' lang='lat' dir='ltr'><strong>Rom,</strong></span> <span class='ocrx_word' id='word_1_402' title='bbox 357 3652 456 3712; x_wconf 77' lang='lat' dir='ltr'><strong>appari.</strong></span> <span class='ocrx_word' id='word_1_403' title='bbox 485 3641 638 3709; x_wconf 77' lang='lat' dir='ltr'><strong>exemplaria</strong></span> <span class='ocrx_word' id='word_1_404' title='bbox 665 3639 720 3692; x_wconf 85' lang='lat' dir='ltr'><strong>reti.</strong></span> <span class='ocrx_word' id='word_1_405' title='bbox 755 3638 810 3691; x_wconf 89' lang='lat' dir='ltr'><strong>Vid.</strong></span> <span class='ocrx_word' id='word_1_406' title='bbox 838 3639 924 3690; x_wconf 83' lang='lat' dir='ltr'><strong>sdnot.</strong></span> <span class='ocrx_word' id='word_1_407' title='bbox 953 3639 984 3691; x_wconf 88' lang='lat' dir='ltr'><strong>ad</strong></span> <span class='ocrx_word' id='word_1_408' title='bbox 1003 3640 1022 3692; x_wconf 90' lang='lat' dir='ltr'><strong>l.</strong></span> <span class='ocrx_word' id='word_1_409' title='bbox 1041 3642 1065 3692; x_wconf 90' lang='grc'><strong>7.</strong></span> <span class='ocrx_word' id='word_1_410' title='bbox 1085 3644 1109 3706; x_wconf 90' lang='lat'><strong>§.</strong></span> <span class='ocrx_word' id='word_1_411' title='bbox 1131 3641 1179 3705; x_wconf 85' lang='lat'><strong>23,</strong></span> <span class='ocrx_word' id='word_1_412' title='bbox 1198 3639 1223 3690; x_wconf 87' lang='grc'><strong>6.</strong></span> 
     </span>
    </p>
   </div>
   <div class='ocr_carea' id='block_1_13' title="bbox 128 3726 1224 3867">
    <p class='ocr_par' dir='ltr' id='par_1_13' title="bbox 128 3726 1224 3867">
     <span class='ocr_line' id='line_1_37' title="bbox 128 3726 1224 3801; baseline -0.002 -20"><span class='ocrx_word' id='word_1_413' title='bbox 128 3732 250 3784; x_wconf 76' lang='lat' dir='ltr'><strong>Flatibus</strong></span> <span class='ocrx_word' id='word_1_414' title='bbox 277 3732 416 3800; x_wconf 79' lang='lat' dir='ltr'><strong>oportunis</strong></span> <span class='ocrx_word' id='word_1_415' title='bbox 443 3737 524 3782; x_wconf 84' lang='lat' dir='ltr'><strong>exstet</strong></span> <span class='ocrx_word' id='word_1_416' title='bbox 551 3730 576 3780; x_wconf 92' lang='lat' dir='ltr'><strong>in</strong></span> <span class='ocrx_word' id='word_1_417' title='bbox 604 3727 648 3779; x_wconf 83' lang='lat' dir='ltr'><strong>iis.</strong></span> <span class='ocrx_word' id='word_1_418' title='bbox 697 3726 759 3778; x_wconf 84' lang='lat' dir='ltr'><strong>Tum</strong></span> <span class='ocrx_word' id='word_1_419' title='bbox 785 3728 974 3801; x_wconf 72' lang='lat' dir='ltr'><strong>expirantibus</strong></span> <span class='ocrx_word' id='word_1_420' title='bbox 1001 3736 1170 3782; x_wconf 78' lang='lat' dir='ltr'><strong>commeatum</strong></span> <span class='ocrx_word' id='word_1_421' title='bbox 1196 3729 1224 3780; x_wconf 87' lang='lat' dir='ltr'><strong>in</strong></span> 
     </span>
     <span class='ocr_line' id='line_1_38' title="bbox 129 3808 1187 3867; baseline -0.01 0"><span class='ocrx_word' id='word_1_422' title='bbox 129 3815 172 3867; x_wconf 87' lang='lat' dir='ltr'><strong>ed.</strong></span> <span class='ocrx_word' id='word_1_423' title='bbox 191 3812 245 3867; x_wconf 86' lang='lat' dir='ltr'><strong>Coi.</strong></span> <span class='ocrx_word' id='word_1_424' title='bbox 1186 3808 1187 3813; x_wconf 78' lang='grc'>’</span> 
     </span>
    </p>
   </div>
   <div class='ocr_carea' id='block_1_14' title="bbox 129 3919 1226 4263">
    <p class='ocr_par' dir='ltr' id='par_1_14' title="bbox 129 3919 1226 4263">
     <span class='ocr_line' id='line_1_39' title="bbox 200 3919 1222 3990; baseline -0.005 -13"><span class='ocrx_word' id='word_1_425' title='bbox 200 3926 224 3989; x_wconf 87' lang='lat'><strong>§.</strong></span> <span class='ocrx_word' id='word_1_426' title='bbox 246 3925 288 3988; x_wconf 86' lang='lat'><strong>51,</strong></span> <span class='ocrx_word' id='word_1_427' title='bbox 307 3924 332 3977; x_wconf 83' lang='lat'><strong>3.</strong></span> <span class='ocrx_word' id='word_1_428' title='bbox 349 3928 443 3981; x_wconf 83' lang='lat' dir='ltr'><strong>iuuare</strong></span> <span class='ocrx_word' id='word_1_429' title='bbox 462 3953 492 3965; x_wconf 92' lang='lat'><em>-</em></span> <span class='ocrx_word' id='word_1_430' title='bbox 510 3928 666 3980; x_wconf 82' lang='lat' dir='ltr'><strong>ministrare</strong></span> <span class='ocrx_word' id='word_1_431' title='bbox 684 3921 759 3976; x_wconf 88' lang='lat' dir='ltr'><strong>codd.</strong></span> <span class='ocrx_word' id='word_1_432' title='bbox 779 3920 819 3974; x_wconf 85' lang='lat' dir='ltr'><strong>W.</strong></span> <span class='ocrx_word' id='word_1_433' title='bbox 840 3921 950 3973; x_wconf 78' lang='lat' dir='ltr'><strong>danaae.</strong></span> <span class='ocrx_word' id='word_1_434' title='bbox 976 3928 1001 3973; x_wconf 92' lang='lat' dir='ltr'><strong>et</strong></span> <span class='ocrx_word' id='word_1_435' title='bbox 1020 3919 1090 3986; x_wconf 85' lang='lat' dir='ltr'><strong>Bab,</strong></span> <span class='ocrx_word' id='word_1_436' title='bbox 1116 3919 1222 3990; x_wconf 89' lang='lat' dir='ltr'><strong>quibus-</strong></span> 
     </span>
     <span class='ocr_line' id='line_1_40' title="bbox 129 4008 1226 4081; baseline -0.001 -17"><span class='ocrx_word' id='word_1_437' title='bbox 129 4027 186 4064; x_wconf 85' lang='lat' dir='ltr'><strong>cum</strong></span> <span class='ocrx_word' id='word_1_438' title='bbox 205 4014 351 4080; x_wconf 85' lang='lat' dir='ltr'><strong>conspirmt</strong></span> <span class='ocrx_word' id='word_1_439' title='bbox 369 4013 428 4065; x_wconf 89' lang='lat' dir='ltr'><strong>edd.</strong></span> <span class='ocrx_word' id='word_1_440' title='bbox 450 4012 551 4065; x_wconf 82' lang='lat' dir='ltr'><strong>Amerb.</strong></span> <span class='ocrx_word' id='word_1_441' title='bbox 576 4021 728 4081; x_wconf 77' lang='lat' dir='ltr'><strong>ceteraeque</strong></span> <span class='ocrx_word' id='word_1_442' title='bbox 747 4010 883 4063; x_wconf 86' lang='lat' dir='ltr'><strong>biaurinam</strong></span> <span class='ocrx_word' id='word_1_443' title='bbox 910 4008 1108 4074; x_wconf 86' lang='lat' dir='ltr'><strong>antecedentes,</strong></span> <span class='ocrx_word' id='word_1_444' title='bbox 1133 4012 1226 4063; x_wconf 83' lang='lat' dir='ltr'><strong>iuuari</strong></span> 
     </span>
     <span class='ocr_line' id='line_1_41' title="bbox 132 4095 1222 4165; baseline -0.003 -12"><span class='ocrx_word' id='word_1_445' title='bbox 132 4129 163 4140; x_wconf 92' lang='lat'>-</span> <span class='ocrx_word' id='word_1_446' title='bbox 183 4103 338 4156; x_wconf 82' lang='lat' dir='ltr'><strong>ministrare</strong></span> <span class='ocrx_word' id='word_1_447' title='bbox 355 4101 391 4155; x_wconf 85' lang='lat' dir='ltr'><strong>Bc</strong></span> <span class='ocrx_word' id='word_1_448' title='bbox 415 4111 441 4154; x_wconf 85' lang='lat' dir='ltr'><strong>et</strong></span> <span class='ocrx_word' id='word_1_449' title='bbox 466 4100 506 4153; x_wconf 86' lang='lat' dir='ltr'><strong>ed.</strong></span> <span class='ocrx_word' id='word_1_450' title='bbox 527 4099 599 4165; x_wconf 80' lang='lat' dir='ltr'><strong>cot,</strong></span> <span class='ocrx_word' id='word_1_451' title='bbox 624 4103 716 4156; x_wconf 86' lang='lat' dir='ltr'><strong>iuuari</strong></span> <span class='ocrx_word' id='word_1_452' title='bbox 740 4128 773 4141; x_wconf 88' lang='lat'>-</span> <span class='ocrx_word' id='word_1_453' title='bbox 799 4101 952 4154; x_wconf 85' lang='lat' dir='ltr'><strong>ministrari</strong></span> <span class='ocrx_word' id='word_1_454' title='bbox 972 4095 1038 4150; x_wconf 81' lang='lat' dir='ltr'><strong>Mod.</strong></span> <span class='ocrx_word' id='word_1_455' title='bbox 1062 4096 1139 4149; x_wconf 76' lang='lat' dir='ltr'><strong>Maur.</strong></span> <span class='ocrx_word' id='word_1_456' title='bbox 1159 4095 1222 4148; x_wconf 87' lang='lat' dir='ltr'><strong>Giib.</strong></span> 
     </span>
     <span class='ocr_line' id='line_1_42' title="bbox 131 4183 1222 4263; baseline -0.005 -20"><span class='ocrx_word' id='word_1_457' title='bbox 131 4189 157 4245; x_wconf 80' lang='grc'><strong>4.</strong></span> <span class='ocrx_word' id='word_1_458' title='bbox 176 4196 229 4245; x_wconf 83' lang='lat' dir='ltr'><strong>tom</strong></span> <span class='ocrx_word' id='word_1_459' title='bbox 245 4204 270 4243; x_wconf 86' lang='lat' dir='ltr'><strong>r.</strong></span> <span class='ocrx_word' id='word_1_460' title='bbox 289 4205 321 4248; x_wconf 83' lang='grc' dir='ltr'><strong>ιιι,</strong></span> <span class='ocrx_word' id='word_1_461' title='bbox 340 4188 516 4263; x_wconf 79' lang='lat' dir='ltr'><strong>superscripsit</strong></span> <span class='ocrx_word' id='word_1_462' title='bbox 532 4189 559 4242; x_wconf 89' lang='lat' dir='ltr'><strong>in</strong></span> <span class='ocrx_word' id='word_1_463' title='bbox 576 4186 618 4242; x_wconf 92' lang='lat' dir='ltr'><strong>W.</strong></span> <span class='ocrx_word' id='word_1_464' title='bbox 652 4186 701 4244; x_wconf 82' lang='lat' dir='ltr'><strong>Pro</strong></span> <span class='ocrx_word' id='word_1_465' title='bbox 720 4204 784 4263; x_wconf 75' lang='lat' dir='ltr'><strong>apro</strong></span> <span class='ocrx_word' id='word_1_466' title='bbox 809 4185 905 4242; x_wconf 83' lang='lat' dir='ltr'><strong>ibidum</strong></span> <span class='ocrx_word' id='word_1_467' title='bbox 927 4185 1020 4241; x_wconf 85' lang='lat' dir='ltr'><strong>omisso</strong></span> <span class='ocrx_word' id='word_1_468' title='bbox 1042 4183 1133 4240; x_wconf 87' lang='lat' dir='ltr'><strong>eadem</strong></span> <span class='ocrx_word' id='word_1_469' title='bbox 1151 4199 1171 4238; x_wconf 88' lang='lat' dir='ltr'><strong>r.</strong></span> <span class='ocrx_word' id='word_1_470' title='bbox 1190 4199 1222 4239; x_wconf 85' lang='lat' dir='ltr'><strong>m.</strong></span> 
     </span>
    </p>
   </div>
   <div class='ocr_carea' id='block_1_15' title="bbox 0 0 1362 4666">
    <p class='ocr_par' dir='ltr' id='par_1_15' title="bbox 0 0 1362 4666">
     <span class='ocr_line' id='line_1_43' title="bbox 0 0 1362 4666; baseline 0 0"><span class='ocrx_word' id='word_1_471' title='bbox 0 0 1362 4666; x_wconf 95' lang='lat' dir='ltr'><strong> </strong></span> 
     </span>
    </p>
   </div>
  </div>
 </body>
</html>
