2692 4666
338 339 385 395 DE
402 336 541 397 omens
560 336 786 396 mmmmm
802 336 900 395 tntu
915 338 935 395 1.
1138 338 1181 407 75

179 500 250 571 tao.
295 502 439 569 Omnibus
459 502 552 586 igitan
572 502 739 567 hominibus
761 501 840 564 inest
861 499 1026 565 seeundum
1048 504 1181 563 naturam

84 621 243 685 hnmamm
265 636 369 681 verum
392 616 591 701 inuestigare,
614 632 691 697 quae
712 632 770 679 nos
792 613 830 677 ad
851 612 979 677 studium
1001 612 1181 697 cognitionis

86 738 119 793 et
139 730 283 795 scientiae
313 729 401 791 trahit
425 734 455 791 et
476 727 644 810 inquirendi
671 726 797 789 infundit
825 724 1020 809 eupiditatem.
1065 726 1097 789 ln
1119 742 1181 806 quo

86 842 240 909 exoellere
269 843 417 906 univorsis
446 842 600 924 pulchrum
624 841 756 921 videtur,
791 839 844 905 sed
867 858 1030 922 paucorum
1054 847 1100 904 est
1122 840 1181 903 ad·

85 958 190 1043 sequi,
221 958 272 1039 qui
294 956 445 1021 volvendo
470 957 684 1040 cogitationes,
718 955 841 1020 oonsilio
872 953 1087 1036 examinando,
1119 952 1201 1019 noo'-

84 1070 269 1137 mediocrem
298 1070 462 1154 inpendunt
491 1071 640 1150 laborem,
671 1077 703 1133 ut
724 1069 761 1131 ad
785 1070 856 1133 illud
878 1069 965 1131 beate
994 1069 1181 1150 honesteque

85 1185 245 1249 vivendum
281 1187 443 1269 pervenire
476 1185 592 1267 possint
628 1191 716 1264 atque
753 1183 894 1265 operibus
931 1182 1180 1266 adpropinquare.

85 1299 158 1363 Noa
187 1301 269 1363 onim
298 1302 352 1382 pai
382 1301 519 1377 dixerit,
554 1300 661 1381 inquit,
679 1296 710 1382 ¹]
740 1299 831 1361 midi:
861 1296 1011 1375 Domine,
1046 1298 1179 1376 domine,

85 1414 221 1476 introbit
240 1416 274 1477 in
296 1434 424 1496 repetunt
447 1414 613 1492 caetorum,
637 1415 693 1476 sed
715 1416 769 1493 qui
790 1412 902 1492 feeerit
924 1431 971 1489 aa,
995 1431 1074 1493 pano
1096 1412 1180 1476 dieo.

83 1527 160 1593 Nau
187 1527 284 1592 studia
314 1530 457 1593 scientiae
488 1530 553 1592 sino
583 1528 667 1592 iactis
697 1527 775 1591 haud
806 1504 869 1591 seio
895 1546 932 1590 an
960 1529 1048 1589 etiam
1077 1527 1180 1590 invol-

85 1648 158 1705 vant
179 1643 282 1726 magis·

396 1796 399 1801 ¹
458 1842 635 1910 onouu
670 1843 814 1909 xxvn.

83 2006 195 2061 Primum
215 1980 405 2083 offleiissiontom
425 2025 482 2061 esso
502 2008 676 2077 prudentiam,
705 2024 736 2060 ex
755 2024 804 2077 qua
823 2007 952 2059 derivatae
970 2016 1021 2060 tres
1039 2007 1104 2060 aliae
1124 2009 1179 2059 vin-

83 2106 167 2164 tuteo,
194 2101 228 2151 ita
249 2114 305 2151 eum
325 2114 355 2152 ea
374 2107 449 2168 atquo
468 2102 535 2152 iuter
554 2116 582 2152 se
601 2114 716 2151 conexae
741 2106 813 2163 suut,
838 2105 867 2149 ut
884 2113 898 2149 a
917 2097 1068 2150 seinvicem
1090 2094 1179 2150 diuelli

474 2205 505 2241 ae
522 2189 636 2258 separari
650 2192 789 2263 pqueant.

175 2325 245 2394 126.
289 2326 401 2392 Primus
424 2331 515 2415 igitur
539 2329 628 2393 oidoii
651 2328 720 2394 fons
743 2329 898 2413 prudentia
915 2336 968 2392 est.
1008 2327 1084 2404 Quid
1101 2328 1179 2391 enim

83 2450 142 2506 tam
166 2443 285 2525 pienum
308 2443 413 2525 officii,
438 2463 524 2526 quam
548 2443 668 2507 deferre
690 2445 805 2508 auotori
828 2443 955 2525 studium
979 2449 1067 2523 atque
1085 2461 1179 2506 reve-

82 2556 235 2619 rentiam?
282 2558 339 2632 Qui
369 2566 467 2622 tamen
496 2559 565 2623 fons
596 2565 626 2622 et
647 2560 677 2622 in
709 2561 833 2622 virtutes
864 2558 1015 2620 derivatur
1045 2565 1162 2620 ceteras
1169 2579 1179 2636 3

82 2689 185 2752 neque
208 2673 285 2735 enim
308 2679 408 2755 potest
430 2674 539 2737 iustitia
558 2674 623 2737 sine
639 2673 795 2756 prudentia
816 2689 893 2752 esse,
918 2691 983 2735 eum
1007 2671 1179 2736 examinaro

83 2784 155 2867 quid
189 2785 295 2848 iustum
331 2789 440 2869 quidve
475 2790 613 2853 iniustum
646 2791 685 2852 sit
717 2808 777 2853 non
811 2787 969 2853 mediocris
1003 2789 1179 2871 prudentiae

83 2902 141 2978 sit3
165 2918 294 2964 summus
317 2903 346 2966 in
370 2911 499 2985 utroque
524 2923 620 2968 error.
667 2905 728 2982 Oai
751 2907 830 2968 enim
851 2906 967 2968 iustam
988 2905 1111 2966 iadioot
1126 2905 1178 2966 in-

81 3017 215 3094 iustum,
239 3017 390 3079 iniustum
410 3036 485 3082 vero
517 3020 634 3082 iustam
665 3020 869 3083 esseoradilis
891 3020 976 3100 opud
997 3019 1094 3081 deum.
1143 3018 1181 3080 Ut

84 3128 163 3209 qaid
184 3127 348 3191 abundant
369 3131 509 3194 iustitiae
535 3132 741 3211 inprudenti?
771 3133 911 3197 Salomon
933 3134 981 3196 ait.
996 3131 1029 3217 ²)
1073 3132 1179 3212 Neque

82 3242 192 3305 iterum
214 3241 371 3324 pmdentia
394 3245 459 3307 sine
482 3246 590 3309 iustitia
614 3253 675 3323 est3
698 3248 793 3329 pietas
816 3248 895 3310 enim
914 3248 943 3310 in
964 3247 1050 3309 deum
1066 3246 1178 3308 initium

82 3354 260 3418 intellectus.
305 3355 371 3429 Quo
394 3356 575 3421 advertimus
598 3359 668 3422 illud
691 3360 727 3422 ab
750 3359 837 3422 huius
867 3361 978 3423 saeculi
1008 3360 1178 3422 translatum

82 3469 197 3553 magis,
228 3488 314 3550 quam
336 3472 487 3535 inventum
509 3474 707 3556 sapientibus,
740 3475 807 3555 quia
833 3475 927 3556 pietas
958 3474 1178 3538 fundamentum

85 3588 134 3646 est
155 3584 283 3648 omnium
307 3586 454 3648 virtutum.

89 3742 94 3747 -
174 3695 245 3762 127.
289 3698 419 3762 iustitiae
442 3707 539 3763 autem
561 3701 656 3784 pietas
679 3708 725 3765 est
747 3703 841 3785 prima
864 3703 893 3766 in
917 3702 1021 3782 deum,
1047 3702 1177 3767 seeundo

83 3809 115 3872 in
137 3810 278 3891 patriam,
309 3812 395 3874 tertio
419 3813 447 3873 in
470 3820 626 3893 parentes,
658 3815 726 3877 item
755 3815 785 3876 in
808 3833 929 3879 omues:
960 3835 1036 3898 quae
1060 3825 1090 3880 et
1113 3818 1177 3900 ipsa

87 3922 251 3987 seeundum
267 3932 390 3989 naturae
407 3933 452 3990 est
468 3929 677 4011 magisterium.
716 3930 867 4010 Siquidem
882 3932 918 3995 ab
935 3934 1055 3999 ineunte
1070 3939 1176 4016 aetate,

159 4169 189 4253 1)
206 4169 291 4226 itaut.
309 4172 335 4241 7,
353 4171 395 4225 21.
464 4171 496 4251 2)
513 4170 587 4228 Pnov.
608 4173 651 4246 17,
673 4172 704 4224 15
722 4189 778 4255 seq.
