2692 4666
624 327 649 382 S.
669 326 825 384 nunnostt

540 538 711 606 CAPUT
745 541 906 609 XXXIV.

347 702 404 756 Alia
422 703 542 756 nonnulla
561 703 750 756 benivolentiae
769 706 901 758 commoda
920 713 1099 759 memorantur.

264 842 334 908 173.
378 845 581 908 Benivolentia
613 848 701 909 etiam
732 846 860 930 gladium
892 847 1064 911 iracundiae
1087 855 1274 930 extorquere

175 959 339 1021 consuevit.
390 958 594 1022 Benivolentia
624 958 694 1022 facit
723 966 755 1022 ut
783 963 868 1025 amici
897 962 1022 1025 vulnera
1049 962 1149 1040 utilia,
1184 980 1274 1043 quam

177 1072 343 1135 voluntaria
378 1073 487 1135 inimici
519 1073 621 1136 oscula
645 1074 711 1135 sint.
732 1072 759 1156 ¹)
803 1075 1006 1139 Benivolentia
1035 1073 1105 1138 iacit
1136 1081 1169 1138 ut
1197 1049 1274 1138 unus

174 1184 224 1247 liat
246 1203 284 1247 ex
306 1186 451 1266 pluribus,
475 1185 631 1265 quoniam,
655 1185 680 1247 si
703 1185 803 1267 plures
827 1186 912 1249 amici
935 1187 1009 1265 sint,
1032 1203 1108 1248 unus
1130 1185 1221 1265 liunt,
1244 1185 1274 1248 in

177 1298 283 1378 quibus
313 1317 391 1361 unus
422 1299 543 1380 spiritus
573 1304 602 1360 et
630 1307 689 1361 una
710 1299 857 1362 sententia
880 1306 932 1362 est.
980 1298 1071 1364 Simul
1094 1297 1275 1361 advertimus

177 1410 262 1473 etiam
286 1411 495 1493 correptiones
514 1410 543 1470 in
563 1409 688 1472 amicitia
703 1418 804 1493 gratas
821 1429 900 1490 esse,
924 1429 1001 1492 quae
1017 1410 1138 1473 aculeos
1153 1409 1274 1490 hahent,

175 1521 296 1586 dolores
319 1541 380 1586 non
405 1523 523 1585 habent.
563 1520 787 1605 Conpungimur
809 1523 888 1585 enim
912 1523 1059 1586 censoriis
1074 1523 1274 1603 sermonibus,

175 1635 231 1698 sed
253 1636 474 1700 benivolentiae
497 1635 678 1698 delectamur
699 1635 865 1698 sedulitate.

266 1747 337 1813 174.
381 1748 430 1814 Ad
452 1766 614 1811 summam:
645 1766 705 1811 non
735 1750 871 1812 omnibus
900 1749 1004 1812 eadem
1035 1765 1155 1830 semper
1177 1747 1325 1837 olliciaff

176 1862 338 1942 debentur,
369 1880 426 1924 nec
449 1877 645 1942 personarum
670 1878 805 1941 semper,
833 1858 888 1922 sed
910 1861 1085 1943 plerumque
1117 1877 1295 1924 causarum

176 1983 205 2038 et
222 1983 388 2058 temporum
406 1974 607 2057 praelationes
623 1980 701 2052 sunt,
724 1981 756 2036 ut
772 1974 900 2036 vicinum
917 1975 983 2055 quis
1003 1972 1149 2036 interdurn
1166 1975 1274 2057 magis,

176 2108 263 2170 quam
286 2089 407 2152 fratrem
430 2089 584 2152 adiuverit.
629 2088 774 2162 Quoniam
796 2096 825 2151 et
840 2088 981 2153 Salomon
1004 2087 1092 2151 dicit:
1106 2085 1138 2170 ²)
1161 2089 1276 2153 Melior

174 2203 297 2264 odoinus
321 2201 539 2281 eupraxiam,
571 2218 663 2280 quam
689 2201 793 2280 frater
822 2201 920 2280 lotape*
943 2200 1098 2263 dedituros.
1142 2200 1180 2264 Et
1202 2201 1273 2267 ideo

54 2317 57 2321 ’
175 2314 350 2396 plerumque
382 2314 468 2376 amici
502 2332 536 2376 se
567 2312 788 2376 benivolentiae
822 2315 948 2395 quisque
982 2314 1152 2394 committit,
1185 2332 1297 2396 quam

175 2428 275 2513 fratris
297 2426 517 2491 necessitudini.
563 2428 687 2490 Tantum
704 2426 783 2489 valet
802 2426 1020 2508 Benivolentia,
1041 2435 1074 2490 ut
1096 2418 1274 2509 plerumque

175 2543 302 2625 pignora
325 2542 423 2605 vincat
444 2548 576 2604 naturae.

548 2807 719 2874 CAPUT
753 2807 897 2876 XXXV.

176 2973 216 3026 lle
240 2973 403 3038 fortitudine,
430 2987 496 3041 quae
521 2971 642 3025 dividitur
664 2972 688 3024 iu
713 2971 831 3024 bellicam
856 2983 932 3043 atque
959 2974 1141 3026 domesticam:
1169 2976 1274 3043 primam

177 3064 231 3115 sine
251 3062 345 3113 iustitia
359 3069 385 3113 et
397 3061 532 3128 prudentia
550 3062 669 3112 virtutem
687 3074 738 3112 non
758 3076 824 3126 esse,
844 3060 949 3114 alteram
968 3063 1077 3113 maxime
1095 3062 1121 3112 in
1140 3061 1275 3114 tolerantia

629 3163 686 3200 esse
705 3149 821 3215 positam.

267 3287 338 3354 175.
384 3289 461 3353 Satis
486 3290 610 3370 copiose
633 3289 762 3352 iustitiae
783 3290 852 3352 loco
874 3290 993 3354 honesti
1014 3296 1202 3355 naturam-et
1216 3290 1276 3353 vim

177 3403 375 3468 tractavimus.
420 3404 506 3467 Nunc
523 3404 560 3466 de
577 3403 749 3467 fortitudine
768 3409 942 3483 tractemus,
967 3421 1044 3484 quae
1065 3403 1147 3466 velut
1167 3402 1276 3467 excol-

178 3518 240 3580 sior
267 3517 376 3578 ceteris
406 3515 545 3578 dividitur
566 3515 598 3577 in
619 3532 669 3577 res
693 3514 814 3576 bellicas
838 3519 868 3576 et
891 3513 1077 3578 domesticos.
1122 3512 1189 3580 srd-
1205 3514 1276 3578 bel-

177 3630 301 3693 licarum
330 3647 431 3691 rorum
461 3629 588 3692 studium
611 3647 628 3691 a
651 3635 755 3692 nostro
786 3628 886 3691 officio
909 3629 967 3691 ianr
989 3629 1117 3693 alienum
1146 3628 1276 3709 videtur,

179 3744 248 3823 quia
270 3743 359 3805 animi
381 3741 492 3825 magis,
523 3759 610 3822 quam
641 3740 776 3823 eorporis
804 3741 904 3804 cilicio
933 3741 1128 3821 intendimus,
1159 3760 1217 3806 nec
1239 3742 1277 3806 ad

179 3875 259 3919 arma
282 3856 339 3918 iam
362 3860 477 3937 spectat
498 3871 569 3917 usus
592 3860 712 3934 noster,
735 3855 790 3917 sed
809 3854 846 3917 ad
866 3856 947 3936 pacis
970 3856 1099 3939 negotia.
1145 3855 1276 3921 Maiores

250 4110 278 4180 ι)
296 4109 372 4168 nov.
390 4111 435 4184 27,
451 4111 479 4170 e.
548 4112 578 4183 a)
600 4111 663 4166 nu.
683 4111 727 4186 ar,
747 4112 788 4171 ro.
