2692 4666
183 298 248 361 250
600 292 854 348 eunountlonus

181 456 314 506 incenderet
331 451 361 504 E.
398 453 423 503 4.
442 454 511 506 erim
528 467 548 503 r.
567 469 599 503 ru.
618 451 711 504 lineola
730 452 860 521 insignivit
877 453 901 503 iu
922 452 949 504 B.
980 451 1036 504 bien
1053 459 1144 524 fecere
1162 453 1273 508 scribunt

181 550 235 622 AC}
254 573 304 608 nec
321 556 395 609 aliter
412 557 494 624 primu
513 555 645 624 legebatur
663 556 688 607 in
701 553 730 621 B,
749 555 793 607 ubi
811 573 830 607 r.
845 573 877 608 m.
897 551 967 608 dedit
984 529 1014 566 ω’
1026 563 1133 626 feceret.
1165 563 1273 614 deceret

181 646 237 696 eine
254 661 307 714 que
319 642 397 696 hebet
413 642 436 694 Ε
455 659 477 694 c.
497 643 537 694 ed.
557 640 639 707 Med,
668 647 756 712 [acere
773 648 861 712 sciere
879 647 1007 715 epistolae
1026 649 1185 700 tribueretur
1197 665 1272 701 cem·

179 742 282 802 percum
300 742 340 786 cut
362 732 493 782 invexerat
511 729 708 794 Amerbucbiue‚
736 746 844 799 euinque
861 732 944 784 secuti
961 741 1018 783 suut
1034 730 1154 784 Erasinus
1173 741 1200 785 et
1219 732 1272 787 co-

180 819 286 882 eterine3
305 823 392 889 seieuc
412 822 562 872 tribuuntur
580 817 704 870 mendose
719 819 796 881 effert
815 817 843 870 G.
880 818 905 870 6.
924 838 941 873 u
957 837 1072 890 pereum
1090 827 1117 870 et
1133 821 1150 872 1.
1169 837 1208 890 eq.
1226 839 1274 892 per

180 889 240 960 Jur-
257 909 316 973 (pre
331 906 465 976 peruenit)
483 908 629 960 ctiiiccrnee
647 904 710 974 (cic)
728 910 787 974 ipre
803 911 833 959 in
850 923 931 961 ceree
953 911 1039 961 uetuit
1063 911 1202 963 vindicare
1225 923 1272 959 ex-

181 993 251 1045 hibet
266 997 304 1059 A,
331 995 421 1048 ctiiice
442 1009 529 1046 corner
546 996 605 1062 ipre
623 997 652 1046 in
670 1011 740 1049 cere.
759 1012 809 1048 cuc
829 999 882 1049 eui.
900 999 973 1050 vind.
992 993 1027 1059 B,
1050 999 1161 1051 etiiicbu
1185 1013 1273 1050 ecem

179 1083 237 1150 ipre
254 1084 283 1133 in
301 1097 372 1134 cere
390 1098 417 1132 n.
438 1097 463 1133 c.
483 1076 512 1144 0,
531 1096 618 1133 cernet
636 1083 742 1134 ctilicite
760 1085 817 1150 ipre
835 1087 865 1134 in
882 1099 954 1136 cerru-
973 1099 998 1134 η.
1014 1101 1039 1137 c.
1059 1082 1118 1133 deut
1135 1081 1188 1149 EF,
1207 1099 1272 1137 cem.

179 1170 268 1221 ctiiice
296 1170 354 1235 ipre
377 1171 406 1220 in
428 1159 500 1221 cerc-
520 1183 546 1218 n.
566 1185 592 1220 c.
617 1175 699 1218 exstet
723 1169 748 1218 in
770 1167 810 1219 ed.
830 1167 895 1220 Med.
915 1177 941 1220 et
964 1168 1127 1235 indnuerb„
1155 1185 1222 1238 quue
1240 1185 1272 1221 ee

179 1263 275 1306 tuntum
295 1254 394 1317 differt,
421 1254 489 1322 qiiud
515 1261 573 1320 pust
595 1271 674 1307 ceree
698 1253 769 1305 eddit
793 1271 858 1317 eu03
885 1273 971 1310 cemes
995 1259 1104 1322 stilico,
1132 1259 1219 1310 noluit
1243 1260 1271 1309 in

179 1356 239 1395 eunt
262 1359 288 1394 e.
311 1340 405 1410 iegitur
427 1345 451 1392 in
469 1340 538 1392 Ceut.
562 1341 639 1392 bieur.
666 1351 741 1410 utque
765 1340 831 1394 Gilb.
868 1341 991 1412 Equidem
1015 1345 1089 1412 igitur
1114 1360 1128 1396 e
1153 1344 1269 1408 codicum

179 1430 327 1480 auctoritate
347 1427 507 1482 scribendum
526 1430 627 1496 putavi:
645 1431 762 1497 pervertit
774 1432 870 1482 stilico
888 1448 984 1498 cemes,
1004 1434 1061 1500 ipre
1072 1434 1100 1483 in
1112 1449 1194 1493 ceree
1205 1448 1231 1482 n.
1243 1449 1270 1484 e.

182 1531 221 1583 10.
245 1503 373 1604 1911111111
398 1544 439 1588 eet
461 1532 512 1585 EF.
558 1534 597 1583 12.
616 1508 664 1537 ⁶⁸⁸⁶
686 1541 818 1587 auctorem
843 1539 916 1598 (ecre
939 1534 971 1586 ub
991 1550 1011 1584 r.
1031 1551 1063 1586 m.
1081 1535 1223 1605 superscr.)
1241 1533 1270 1584 B.

181 1620 220 1672 13.
241 1622 320 1673 Deest
337 1626 402 1676 teliu
419 1622 445 1673 in
458 1620 485 1673 C.
516 1620 590 1685 Quod
610 1627 668 1687 poet
685 1619 710 1670 h.
724 1635 748 1671 v.
767 1620 792 1670 in
812 1619 902 1671 eudem
921 1619 986 1672 libro
1006 1631 1033 1674 et
1050 1623 1075 1673 in
1094 1621 1153 1673 edd.
1167 1620 1270 1672 dmerb.

178 1706 275 1759 Ernem.
300 1707 377 1759 bieur.
405 1715 480 1778 etque
505 1708 569 1761 Gilb.
596 1708 707 1760 edditur‘
722 1723 794 1776 prun.
821 1707 900 1758 iudei.
926 1707 1006 1760 cubet.
1033 1713 1131 1779 atiquic
1158 1711 1266 1778 expunxi

178 1796 356 1864 praeeuntibus
375 1795 447 1848 codd.
467 1795 555 1848 AREF
573 1805 599 1847 et
616 1796 658 1864 cd,
678 1793 746 1847 Gott.
789 1796 814 1845 4.
834 1794 865 1846 ub
885 1803 946 1847 extr.
965 1801 1112 1852 cacerdotie
1131 1801 1221 1851 reiecti
1238 1795 1266 1849 C.

179 1882 236 1932 bion
253 1898 301 1950 pro
319 1894 468 1951 arreptum,
496 1883 562 1952 qued
581 1884 667 1948 deest,
694 1881 761 1934 idem
785 1882 850 1934 liber
873 1890 932 1951 post
955 1886 1106 1954 discerpere
1129 1885 1269 1952 interpuuit

178 1988 244 2023 erent.
280 1970 305 2022 3.
326 1969 358 2022 eb
376 1980 438 2023 extr.
458 1977 639 2027 ammiratione
657 1968 711 2022 ΑΒ.
743 1970 768 2021 2.
788 1969 819 2021 eb
839 1977 901 2022 extr.
920 1973 1012 2024 Multis
1031 1974 1123 2026 diebus
1141 1975 1214 2042 ipeie
1232 1971 1268 2036 03

178 2062 250 2126 incie
267 2059 327 2109 item
346 2059 466 2111 exhibent
484 2057 544 2111 edd.
563 2057 665 2110 Amerb.
684 2056 781 2108 Eruem'.
802 2053 887 2119 Cost.;
915 2059 1007 2110 nunide
1026 2060 1118 2112 dicim
1138 2060 1194 2111 ciue
1212 2063 1270 2114 iidie

179 2144 230 2197 EF.
267 2144 343 2198 cuiue
362 2147 419 2199 loce
439 2149 462 2199 in
481 2147 503 2198 E
521 2154 651 2214 comperet
667 2160 763 2198 nesure.
799 2147 858 2199 illie
877 2160 922 2213 pro
941 2147 988 2197 iiie
1006 2143 1083 2196 hebet
1099 2142 1128 2197 G.
1162 2144 1220 2196 uox
1238 2148 1270 2199 ed

178 2236 319 2302 epiritibue
335 2250 384 2302 pn,
403 2256 418 2288 e
436 2239 525 2304 epirit.
546 2249 592 2301 per
608 2250 656 2285 rue.
669 2232 698 2283 B.
730 2232 792 2284 Turn
808 2241 937 2302 purgatur
955 2249 1015 2286 eece
1032 2236 1150 2287 vidintur
1168 2232 1203 2283 id.
1216 2232 1270 2298 lib,

178 2330 320 2390 perrectum
337 2320 389 2373 EF.
1018 2370 1020 2375 .

251 2414 275 2477 §.
294 2411 336 2461 44.
374 2411 397 2462 1.
418 2413 537 2466 Nicetiuc
555 2406 650 2472 dcun,
668 2406 739 2477 vulg.
757 2409 909 2472 Nicetium,
931 2415 961 2458 ut
977 2408 1094 2467 scribitur
1111 2407 1161 2460 buc
1181 2423 1271 2459 nomen

181 2498 204 2547 in
219 2500 339 2553 Ambree·
352 2496 460 2566 Epistol.
474 2500 498 2551 5.
518 2496 555 2550 Gi.
569 2496 587 2549 1.
607 2495 677 2549 Tem.
692 2494 723 2546 11.
743 2493 841 2562 nvidi.
861 2496 884 2560 §.
898 2493 938 2559 8.;
956 2498 1074 2550 nicecius
1086 2494 1121 2560 A,
1139 2498 1272 2551 Meentiue

94 2619 99 2627 ·
181 2582 222 2636 ed.
243 2585 307 2638 bled.
343 2584 405 2638 Tum
430 2605 467 2640 ex
490 2559 593 2664 netdrie
617 2595 641 2639 et
664 2587 768 2638 tribune
793 2580 821 2634 G.
868 2584 893 2634 2.
918 2580 1059 2651 1111111110
1082 2586 1120 2638 ita
1138 2583 1207 2637 idern
1225 2583 1270 2636 tib.

181 2673 205 2722 1.
227 2691 294 2728 cece
311 2674 405 2727 ibidem
424 2675 561 2726 intercidit.
598 2674 621 2724 5.
641 2689 689 2726 nec
706 2689 737 2726 ce
755 2670 799 2739 (ee
816 2669 848 2722 ub
867 2686 887 2722 r.
901 2687 934 2722 m.
951 2686 1077 2738 superior.
1098 2668 1174 2740 iuli}
1187 2672 1270 2742 vulg.;

182 2760 255 2812 codd.
281 2769 365 2813 eutem
392 2759 477 2814 dGEF
503 2770 530 2812 et
553 2760 593 2813 ed.
619 2757 687 2811 Ceut.
712 2759 804 2810 merito
830 2773 880 2809 em.
905 2775 941 2832 ec.
979 2755 1052 2809 Cuni.
1076 2759 1108 2810 ed
1132 2762 1156 2825 §.
1179 2760 1208 2827 1,
1231 2762 1272 2813 13.

183 2848 238 2898 bion
258 2851 284 2899 in
303 2857 417 2918 tempere
434 2844 486 2899 EF.

252 2939 276 3003 §.
294 2937 336 2989 45.
375 2936 396 2987 1.
415 2941 464 2989 bue
481 2949 527 3003 pro
544 2939 594 2988 bec
611 2934 642 2986 A.
685 2934 710 2986 2.
735 2935 827 2987 incidit
850 2935 1025 3003 infirmitatem
1048 2931 1114 2984 BEF
1138 2945 1272 3002 puetarum

182 3039 261 3087 ruore,
276 3039 350 3092 quem
362 3025 488 3074 inuitentur
500 3021 624 3073 interdum
636 3022 794 3073 recentiores
807 3036 899 3088 prueue
912 3021 1056 3086 scriptores.
1084 3018 1138 3072 Vid.
1152 3025 1270 3078 Ambrae.

183 3112 215 3160 de
234 3106 300 3162 offic.
313 3110 331 3161 1.
345 3111 370 3161 2.
389 3113 413 3176 ς.
428 3110 483 3176 5,6
502 3119 528 3162 et
545 3108 588 3161 20.
608 3113 633 3176 5.
647 3108 680 3160 85
694 3110 747 3161 init.
779 3100 844 3159 Dein
862 3112 906 3178 qui
924 3128 941 3160 e
957 3111 1083 3177 piurimis
1102 3113 1195 3165 dicim
1213 3129 1273 3166 cern

181 3200 341 3252 detineretur
358 3199 390 3262 A,
410 3201 455 3268 qui
471 3201 505 3266 pi.
525 3201 550 3252 d.
570 3215 630 3252 cum
647 3201 694 3251 det
713 3196 743 3261 B,
762 3199 859 3267 quenl.
873 3199 896 3250 11.
911 3213 970 3250 cunt
983 3199 1007 3249 d.
1022 3194 1095 3261 CER
1114 3212 1179 3266 quoe
1192 3199 1271 3250 secuti

181 3301 274 3338 eumue.
311 3281 443 3354 Conspiret
467 3286 542 3337 etium
566 3283 607 3336 ed.
621 3283 693 3335 died.
735 3282 809 3352 Vulg.
835 3282 928 3351 legitur
956 3286 1001 3352 qui
1028 3301 1088 3337 cum
1113 3287 1148 3351 pi.
1174 3288 1199 3338 d.
1224 3287 1271 3338 det.

182 3374 206 3425 3.
224 3372 434 3428 StilicbcACEF
455 3389 476 3426 c.
492 3371 613 3425 edbied.
644 3371 701 3423 Mox
719 3374 782 3440 quie
799 3387 845 3439 pru
860 3374 927 3440 qued
939 3369 990 3423 EF.
1027 3374 1052 3423 1.
1070 3376 1209 3426 inmineret
1221 3371 1271 3424 AB.

182 3460 232 3512 Sed
258 3460 310 3511 vid.
338 3456 457 3532 ti'u'yeer.
482 3462 514 3512 dc
540 3461 653 3529 orthogr.
677 3459 770 3528 Vergil.
795 3475 819 3526 p.
838 3459 898 3510 410.
945 3459 969 3509 5.
994 3462 1172 3514 nubiliccimie
1196 3460 1270 3512 codd.

182 3581 270 3616 ornnes
295 3574 321 3618 et
344 3565 570 3633 exemplar'bied.‚
595 3569 729 3619 nobilibus
748 3564 815 3633 vulg.
860 3564 885 3615 6.
910 3539 961 3616 illc⁸⁸
980 3562 1008 3630 (e
1027 3581 1040 3614 u
1059 3579 1079 3614 r.
1099 3579 1132 3616 ru.
1152 3564 1224 3632 edd.)
1242 3564 1271 3615 E.

182 3656 206 3704 7.
227 3658 365 3722 pererredet
388 3670 433 3725 pro
450 3658 587 3722 percurrit
609 3662 738 3721 receptum
758 3669 790 3704 ex
808 3650 861 3703 ΑΒ.
899 3650 965 3701 Dein
983 3657 1018 3706 ud
1035 3660 1157 3705 cunctum
1174 3669 1270 3705 eucn-

182 3744 264 3795 dotem
282 3751 417 3811 peruerent
435 3744 523 3808 recepi
542 3757 573 3793 ex
585 3739 661 3806 ABG,
676 3759 749 3811 pere.
762 3743 796 3794 cd
807 3750 893 3794 eunct-
906 3757 963 3794 eac.
976 3738 1070 3790 hubent
1085 3738 1140 3790 reii.
1156 3756 1178 3790 e.
1191 3740 1272 3790 editis.

285 3863 314 3916 Ρ.
333 3865 376 3916 2.

254 3950 277 4002 1.
299 3867 503 4021 redderentque]
528 3969 576 4021 que
598 3968 619 4002 r.
640 3967 672 4002 m.
698 3950 795 4002 eddidit
820 3951 844 4000 in
864 3948 891 4000 G.
937 3950 962 3999 2.
990 3953 1066 4017 Quod
1088 3952 1135 4003 ubi
1159 3953 1203 4003 ilie
1222 3949 1272 4001 EF.

75 4073 86 4090 x
183 4039 243 4092 Tum
268 4045 369 4095 audiuit
392 4044 423 4094 ud
449 4042 506 4093 iilic
530 4037 609 4107 (vulg.
630 4043 661 4092 ui
679 4041 736 4092 illie
748 4040 867 4103 erudivit)
887 4033 960 4089 ABG.
1006 4036 1030 4088 3.
1056 4041 1125 4091 inuri
1149 4041 1226 4091 timec
1244 4035 1271 4086 B.

183 4126 208 4177 4.
227 4130 320 4180 bertum
338 4131 470 4182 deminum
490 4123 582 4178 BOEF.
