2692 4666
368 301 413 354 DE
431 299 568 354 OFFICHS
586 300 810 355 ntrunruonuu
828 301 923 356 LIBER
944 303 974 356 n.
1150 306 1212 370 169

123 483 230 529 rorum
243 470 297 528 est.
331 461 367 525 Et
378 481 452 526 vere
463 463 511 526 illa
523 471 591 527 sunt
607 480 678 526 rasa
693 464 833 544 pretiosa,
851 482 928 546 quae
942 462 1088 530 redimunt
1103 465 1214 529 animas

121 582 269 641 amorte.
312 575 364 640 hle
385 594 476 639 uerus
499 582 546 640 est
567 577 724 640 thesaurus
748 576 874 656 domini,
898 578 948 658 qui
971 586 1113 660 operatur
1134 577 1214 661 quod

123 691 248 773 sanguis
286 689 350 752 eius
387 695 527 771 operatus
565 697 620 753 est.
678 689 761 753 Tunc
797 707 851 751 uas
888 688 1026 752 dominici
1062 691 1215 774 sanguinis

122 804 307 886 agnoscitur,
329 821 395 866 cum
418 805 447 865 in
471 810 599 884 utroque
621 803 729 866 uiderit
749 801 1000 885 redemptionem,
1022 810 1055 866 ut
1077 803 1155 867 calix
1177 804 1213 867 ab

123 916 213 980 hoste
226 915 352 979 redimat
370 934 447 998 quos
461 918 584 1001 sanguis
599 936 616 979 a
631 922 755 1000 peccato
770 916 904 980 redemit
943 918 1036 991 Quam
1050 918 1214 999 pulchrum,

123 1039 174 1110 ut,
204 1049 271 1094 cum
294 1033 411 1114 agmina
433 1031 673 1113 captivorum‘ab
696 1029 830 1093 Ecclesia
852 1030 1053 1111 redimuntur,
1086 1030 1214 1094 dicatur:

123 1144 186 1207 Hos
203 1144 337 1207 Christus
359 1143 493 1207 redemit.
530 1143 609 1207 Ecce
631 1148 744 1222 aururir,
767 1144 848 1226 qnod
869 1145 991 1226 probari
1011 1151 1119 1227 potest,
1142 1164 1215 1208 ecce

123 1276 230 1321 aurum
251 1258 340 1336 utile,
367 1276 440 1321 eece
462 1277 565 1321 aurum
588 1258 713 1338 Christi,
736 1256 818 1340 quod
841 1277 857 1321 a
880 1265 976 1321 morte
997 1259 1120 1339 liberat,
1143 1277 1216 1322 ecce

79 1350 83 1354 ”
124 1388 238 1449 aurum,
261 1389 321 1452 quo
343 1371 496 1434 redimitur
517 1370 666 1454 pudicitia,
680 1361 828 1436 'servatur
849 1372 983 1435 castitas!

215 1481 286 1548 139.
323 1483 386 1547 Hos
409 1503 485 1568 ergo
507 1485 598 1548 malui
618 1485 704 1548 vobis
728 1485 840 1548 liberos
857 1484 987 1564 tradere,
1010 1504 1098 1566 quam
1112 1503 1216 1548 aurum

122 1615 293 1661 reservare.
329 1596 385 1660 ilic
406 1613 547 1659 numerus
570 1596 763 1678 captivorum,
784 1596 833 1659 bic
852 1593 927 1659 ordo
948 1596 1147 1678 praestantior
1160 1601 1216 1674 est,

124 1730 213 1792 quam
235 1712 353 1792 species
375 1710 559 1792 poculorum.
596 1710 671 1774 Huic
692 1712 808 1773 muneri
830 1710 979 1792 proficere
997 1708 1099 1772 debuit
1112 1727 1217 1773 aurum

123 1823 332 1907 redemptoris,
353 1830 386 1887 ut
407 1824 568 1887 redimeret
589 1823 799 1905 periclitantes.
835 1823 981 1908 Agnosco
997 1822 1127 1886 infusum
1142 1840 1216 1886 auro

123 1938 301 2020 sanguinem
323 1936 432 1999 Christi
454 1955 514 2000 non
537 1937 633 2000 sotum
656 1937 841 2016 inrutilasse,
863 1939 1075 2000 verumetiam
1099 1935 1217 2000 divinae

125 2050 310 2132 operationis
333 2050 512 2132 impressisse
535 2051 673 2113 virtutem
695 2050 907 2133 redemptionis
929 2067 1064 2113 munere.

216 2159 288 2226 140.
325 2163 398 2227 Tale
420 2183 524 2227 aurum
545 2171 665 2227 sanctus
688 2170 800 2247 martyr
820 2163 997 2227 Laurentius
1020 2163 1139 2226 domino
1161 2180 1217 2226 re·

124 2277 273 2340 servavit:
300 2294 317 2346 a
340 2296 399 2359 quo
422 2295 488 2340 cum
510 2284 727 2360 quaererentur
746 2279 880 2342 thesauri
904 2277 1060 2358 ecclesiae,
1082 2277 1218 2360 promisit

124 2409 160 2454 se
182 2389 460 2454 demonstraturum.
498 2385 640 2473 Sequenti
665 2392 713 2462 die
734 2409 882 2475 pauperes
905 2392 997 2455 duxit.
1041 2392 1217 2474 Interroga·

124 2511 190 2583 tus,
221 2504 273 2566 ubi
294 2510 396 2567 essent
417 2505 566 2585 thesauri,
596 2522 673 2586 quos
695 2507 888 2587 promiserat,
920 2505 1048 2568 ostendit
1069 2502 1218 2586 pauperes

125 2617 245 2682 dicens:
267 2619 305 2682 fli
325 2626 394 2683 sunt
415 2620 548 2684 thesauri
567 2621 723 2684 ecelesiae.
760 2621 797 2682 Et
811 2638 885 2684 vere
901 2618 1043 2699 thesauri,
1065 2617 1217 2700 inquibus

125 2730 260 2795 Christus
284 2740 345 2811 est,
376 2733 406 2794 in
436 2734 542 2815 quibus
566 2734 675 2799 Christi
703 2734 777 2798 fides
806 2741 860 2798 est.
904 2734 1042 2813 Denique
1063 2731 1217 2816 apostolus

124 2845 183 2906 ait:
204 2841 233 2927 ¹)
264 2844 420 2909 Habemus
449 2848 625 2912 thesaurum
654 2850 748 2912 istam
769 2849 803 2910 in
824 2847 913 2912 nasis
934 2846 1088 2928 fictilibus.
1134 2845 1217 2922 Quos

124 2957 266 3022 meliores
294 2959 451 3024 thesauros
478 2961 567 3025 habet
589 2963 741 3043 Christus,
773 2981 860 3044 mam
889 2979 959 3042 eos,
991 2962 1022 3024 in
1049 2960 1156 3043 quibus
1183 2977 1218 3023 se

124 3086 196 3134 esse
219 3071 321 3135 dixit?
364 3072 413 3138 sie
436 3075 514 3137 enim
536 3076 675 3159 scriptum
698 3081 760 3139 est:
777 3073 810 3159 ²)
844 3076 1057 3181 Esurici,'et
1086 3074 1218 3138 dedistis

123 3185 198 3247 mibi
219 3187 427 3262 munducare;
449 3188 547 3266 sitici,
570 3196 601 3250 ei
614 3189 745 3251 dedistis
759 3191 834 3252 mibi
850 3189 973 3263 bibere;
994 3190 1107 3270 hospes
1122 3207 1216 3265 marn,

124 3308 156 3362 et
176 3301 348 3381 coldepistis
370 3323 424 3366 me.
461 3302 498 3365 Et
520 3301 613 3367 infra:
631 3299 663 3386 ³]
688 3302 781 3379 Quod
798 3306 877 3366 enim
891 3305 947 3366 uni
961 3305 1071 3365 borum
1084 3301 1216 3380 fecistis,

123 3413 200 3476 mibi
228 3413 360 3492 fecistis.
415 3415 497 3490 Quos
527 3414 667 3478 meliores
696 3415 780 3478 Iesus
809 3415 899 3479 habet
925 3415 1100 3492 thesauros,
1130 3429 1218 3494 quam

125 3541 191 3605 eos,
213 3524 245 3587 in
268 3525 375 3607 quibus
397 3535 473 3590 amat
495 3527 617 3591 rideri?

215 3634 286 3702 141.
330 3640 393 3703 Hos
423 3639 581 3704 thesauros
611 3639 821 3704 demonstravit
849 3637 1046 3717 Laurentius,
1079 3644 1109 3702 et
1139 3638 1217 3718 vicit,

124 3753 207 3835 quod
236 3771 290 3817 eos
320 3773 377 3817 nec
404 3761 582 3836 persecutor
609 3756 704 3837 potuit
726 3754 855 3817 auferre.
899 3753 1001 3834 ltaque
1022 3751 1167 3831 loachim,
1183 3747 1216 3834 ⁴)

125 3867 177 3948 qui
206 3885 311 3931 aurum
338 3868 370 3930 in
398 3866 556 3931 obsidione
582 3868 738 3946 servabat,
768 3884 826 3930 nee
849 3865 1038 3948 dispensabat
1059 3862 1217 3928 alimoniae

131 4029 337 4042 *-

197 4107 225 4173 1)
244 4106 269 4160 2.
282 4105 340 4164 cor.
353 4108 416 4177 aa.
452 4109 481 4176 2)
494 4107 636 4176 netues,
649 4109 691 4163 as.
727 4108 756 4178 a)
768 4107 832 4164 reru
845 4125 870 4163 v.
884 4109 926 4163 ro.
962 4108 992 4178 a)
1005 4105 1160 4176 suspen
1174 4105 1214 4160 13.
