2692 4666
33 326 39 333 ’
125 368 188 433 198
567 362 593 414 s.
612 361 767 415 aunnosu

122 523 281 604 sideratio,
313 543 390 606 quae
419 522 519 586 dolum
550 522 696 602 excludit,
731 521 865 586 lraudem
896 525 972 587 eicit
1015 522 1103 586 Unde
1134 532 1219 587 recte

121 638 295 721 generalem
313 636 408 701 David
429 636 574 717 propbeta
596 634 740 716 prompsit
763 636 938 698 senteutiam
961 633 1130 722 dieens21)
1153 638 1218 700 Nec

119 752 198 838 serit
215 751 364 831 proximo
385 770 444 813 sao
466 749 589 813 motam.
626 749 694 813 Non
716 749 812 813 solum
834 750 934 832 itaque
955 753 987 814 in
1006 753 1219 831 contractibus,

121 866 280 946 inquibus
312 865 399 932 etiam
427 865 497 928 vitia
525 882 645 944 eorum,
677 882 754 944 quae
786 873 931 944 veneant,
961 864 1050 948 prodi
1078 865 1220 929 iubentur

122 997 173 1058 ae,
204 979 260 1041 nisi
290 978 468 1042 intimaverit
498 977 655 1057 venditor,
687 979 820 1060 quomis
843 979 873 1041 in
896 979 943 1042 ius
966 979 1108 1060 emptoris
1132 986 1219 1042 tran-

122 1091 291 1172 scripserit,
323 1088 384 1154 doli
415 1071 532 1153 actione
560 1096 739 1168 vacuantur,
770 1088 825 1152 sed
855 1090 942 1152 etiam
975 1091 1161 1174 generaliter
1189 1093 1219 1155 in

123 1203 259 1274 omnibus
281 1202 366 1267 dolus
389 1205 497 1271 abesse
519 1202 625 1283 debet,
658 1201 818 1286 aperienda
840 1203 1026 1285 simplicitas,
1058 1204 1219 1269 intimanda

123 1319 235 1382 veritas
257 1324 311 1380 est

208 1428 260 1494 67.
303 1431 443 1493 Veterem
472 1435 570 1492 autem
600 1430 686 1492 istam
708 1429 746 1493 de
769 1429 838 1492 dolo
861 1449 923 1493 uon
948 1431 1021 1493 iuris
1054 1431 1218 1513 peritorum

123 1544 294 1624 formulam,
328 1543 383 1608 sad
400 1544 829 1626 patriarcharumsententiam
852 1545 999 1625 scriptura
1022 1543 1122 1608 divium
1152 1546 1218 1607 evi-

124 1657 230 1721 denter
256 1656 403 1739 expressit
433 1655 462 1718 in
491 1656 568 1718 libro
598 1655 767 1718 testamenti
797 1655 926 1734 veteris,
957 1656 1007 1737 qui
1036 1655 1106 1722 lesu
1135 1655 1219 1718 Naue

123 1769 271 1839 scribitur.
314 1769 388 1832 Nam
417 1788 483 1831 cum
513 1769 626 1831 exisset
657 1767 732 1831 lama
760 1786 816 1850 per
845 1767 993 1849 populos,
1009 1764 1043 1851 ²)
1078 1769 1218 1832 siccatum

124 1899 193 1946 esse
215 1899 297 1945 mare
318 1882 349 1944 in
370 1882 575 1946 Hebraeorum
604 1881 742 1961 transitu,
775 1881 899 1944 fluxisse
932 1901 1037 1964 aquam
1061 1883 1101 1945 de
1122 1889 1216 1964 petra,

124 1996 163 2059 de
185 1995 270 2063 eaelo
293 1994 427 2059 diurnam
453 1995 613 2057 ministrari
643 1995 809 2063 alimoniam
831 2001 875 2057 tot
896 1996 998 2078 populi
1020 1997 1138 2060 milibus
1162 1996 1218 2059 ab-

124 2107 298 2187 undantem,
320 2108 471 2172 corruisse
494 2125 595 2170 muros
612 2090 752 2172 Hiericho
774 2126 862 2172 sauro
884 2111 1020 2172 tubarum
1043 2128 1138 2189 sono,
1161 2111 1219 2173 ictu

125 2229 157 2286 et
177 2223 288 2286 ululatu
309 2224 405 2309 plebis
427 2225 586 2303 arietatos,
618 2223 817 2287 Gethaeorum
840 2243 961 2305 quoque
984 2241 1089 2306 regern
1111 2224 1219 2286 victum

125 2343 156 2399 et
170 2353 349 2418 suspensum
371 2339 400 2399 iu
423 2336 505 2420 ligno
528 2356 626 2420 usque
648 2338 685 2400 ad
709 2357 881 2421 vesperam:
898 2335 931 2422 ³)
954 2335 1136 2401 Gabaonitae
1153 2356 1219 2399 me-

125 2453 243 2519 tuentes
272 2448 397 2512 validam
426 2468 561 2531 manum,
592 2457 740 2512 venerunt
768 2470 834 2513 oum
864 2452 1013 2529 versutia,
1047 2451 1220 2514 simulantes

126 2580 160 2626 se
191 2560 229 2625 de
258 2568 339 2631 terra
372 2562 534 2645 longinqua
574 2579 644 2628 esse
686 2562 795 2652 diuque
828 2563 1036 2646 peregrinatos
1072 2561 1220 2647 dirupisse

127 2673 332 2753 calciamenta,
368 2673 525 2736 detrivisse
550 2673 674 2735 amiotus
699 2676 843 2754 vestium,
877 2693 1000 2755 quarum
1021 2681 1219 2738 veterascen-

125 2787 196 2854 tium
225 2787 333 2850 indioia
362 2793 576 2865 monstrarent,
612 2804 729 2849 eausam
759 2794 857 2850 aulem
886 2788 958 2850 tanti
991 2789 1103 2851 laboris
1134 2808 1219 2852 eme-

125 2898 237 2965 rendae
259 2899 340 2981 paais
364 2906 393 2963 et
415 2901 562 2963 ineundae
585 2920 651 2964 cum
673 2902 817 2967 Hebraeis
841 2920 910 2965 esse
932 2903 1078 2970 amicitiae
1101 2901 1219 2984 eupidi-

126 3019 232 3093 tatem,
266 3018 296 3075 et
316 3020 483 3094 coeperunt
504 3013 540 3077 ab
564 3012 633 3077 lesu
653 3014 738 3081 Nave
760 3032 889 3096 poscere
911 3021 943 3077 ut
964 3031 1067 3077 seeum
1090 3013 1219 3076 mmaret

128 3124 310 3188 societatem.
352 3122 390 3186 Et
416 3125 483 3204 quia
505 3122 603 3187 adbuc
624 3132 689 3187 erat
711 3126 834 3207 ignarus
856 3126 990 3189 locorum
1019 3132 1108 3208 atque
1131 3129 1219 3190 ineo-

125 3238 219 3302 larum
239 3237 368 3316 inscius,
401 3254 462 3301 non
488 3241 631 3321 cognovit
653 3238 773 3302 fraudes
797 3258 918 3320 eorum,
948 3259 1047 3322 neque
1071 3239 1218 3304 dominum

127 3351 336 3434 interrogavit,
360 3350 415 3413 sed
438 3353 495 3421 aito
519 3352 653 3418 eredidit.

212 3460 263 3529 68.
306 3463 394 3528 Adeo
421 3471 522 3528 saneta
554 3471 617 3528 erat
646 3465 702 3528 iilis
732 3465 916 3547 temporibus
937 3464 1029 3545 lides,
1059 3470 1093 3528 ut
1114 3464 1218 3528 fallere

126 3576 241 3658 aliquos
275 3597 368 3660 posse
404 3598 466 3643 non
506 3579 688 3643 crederetur.
744 3580 818 3654 Quis
854 3579 913 3642 hoo
951 3577 1153 3660 reprehendat
1189 3578 1219 3639 in

127 3695 253 3772 sanetis,
287 3695 336 3775 qui
367 3700 484 3756 eeteros
508 3691 545 3754 de
567 3709 622 3755 suo
649 3691 757 3756 affectu
787 3694 955 3772 aestimant,
987 3697 1017 3754 et
1047 3693 1117 3771 quia
1146 3691 1219 3772 ipsis

127 3805 220 3870 amica
247 3810 293 3867 est
322 3806 450 3882 veritas,
482 3805 600 3866 mentiri
627 3805 773 3872 neminem
803 3809 922 3885 putant,
957 3804 1060 3866 fallere
1086 3803 1159 3885 quid
1180 3803 1219 3867 sit

126 3917 280 4000 ignorant,
302 3918 429 3987 libenter
451 3917 576 3982 credunt
598 3917 677 3999 quod
695 3919 752 4000 ipsi
772 3923 857 3998 sunt,
880 3936 938 3984 noc
959 3922 1084 3999 possunt
1104 3934 1218 4000 suspe-⁴

199 4168 227 4237 1)
245 4169 334 4227 Psalm.
353 4170 396 4234 14,
415 4169 439 4222 3.
510 4170 539 4235 2)
557 4169 632 4223 losue
651 4171 677 4238 9,
700 4169 716 4221 3
734 4186 805 4240 seqq.
876 4170 904 4234 3)
923 4165 988 4227 Ibid.
1005 4168 1032 4235 8,
1050 4168 1093 4221 29.
