2692 4666
176 313 219 380 68
620 313 645 367 S.
664 313 819 368 hhssuostl
921 332 924 343 ·

176 472 312 553 flebitis!
344 476 383 539 ait
405 474 561 553 dominus3
583 472 611 560 ¹]
642 484 673 540 et
693 495 750 541 nos
773 476 889 540 ridendi
912 479 1062 542 materiam
1083 479 1272 561 requirimus,

175 586 415 656 uthic'ridentes
439 591 498 654 illic
521 591 667 655 fleamus?
712 593 779 656 Non
798 593 894 657 solum
915 592 1066 675 profusos,
1090 594 1143 659 sed
1166 613 1270 659 omnes

175 706 261 769 etiam
284 705 369 770 iocos
392 705 584 771 declinandos
615 707 759 787 arbitror,
789 709 847 770 nisi
871 707 949 771 forte
971 708 1089 790 plenum
1118 711 1270 775 suavitatis

174 824 204 883 et
225 820 341 904 gratiae
363 838 533 885 sermonem
557 839 642 901 esse,
665 841 726 885 nou
749 821 923 885 indecorum
947 831 1000 886 εει.

263 931 332 999 104.
377 936 451 998 Nam
489 936 527 999 de
557 955 634 1001 voce
664 937 735 1019 quid
764 938 885 1020 loquar,
921 957 1008 1019 quam
1042 940 1206 1023 simplicem
1239 947 1269 1005 et

171 1067 273 1132 puram
297 1068 366 1114 esse
388 1052 461 1116 satis
491 1052 619 1116 arbitror
626 1074 636 1129 3
671 1071 810 1117 canoram
839 1060 936 1116 autem
967 1073 1036 1118 esse
1065 1061 1189 1119 naturae
1213 1061 1268 1136 est,

171 1182 232 1228 non
262 1164 434 1227 industriae.
488 1166 530 1229 Sit
560 1184 633 1228 sane
666 1167 801 1229 distincta
835 1169 1084 1248 pronuntiationis
1114 1167 1205 1232 modo
1238 1176 1269 1231 et

170 1281 259 1363 plena
283 1282 346 1344 suci
368 1281 478 1361 viriliS,
511 1288 543 1343 ut
565 1289 716 1364 agrestem
740 1301 775 1345 ac
798 1283 995 1346 subrusticum
1027 1282 1120 1365 fngiat
1151 1302 1268 1364 sonum,

171 1413 230 1459 non
254 1400 286 1458 nt
308 1394 475 1477 rhythmum
498 1392 628 1456 adfectet
649 1394 809 1475 scenicum,
834 1393 888 1458 sed
911 1395 1065 1478 mysticum
1088 1402 1199 1459 servet.

546 1632 727 1700 CAPUT
761 1631 887 1700 XXIV.

170 1797 226 1851 Tria
246 1801 271 1850 iu
288 1800 357 1851 vitae
377 1799 475 1851 actibus
493 1799 666 1865 observanda,
686 1800 803 1851 nimirum
822 1807 849 1851 ut
867 1802 958 1852 rationi
977 1801 1101 1867 appetitus
1120 1799 1266 1865 subiciatur,

169 1894 197 1938 ut
216 1887 242 1937 in
260 1887 348 1940 studiis
370 1888 434 1939 iusta
453 1896 569 1940 servetur
587 1888 745 1952 moderatio,
775 1888 886 1956 denique
905 1897 931 1940 ut
951 1904 997 1940 suo
1016 1904 1131 1956 quaeque
1149 1896 1265 1957 ternpore

168 1983 243 2044 etque
268 1976 356 2028 ordine
379 1985 505 2044 gerantur.
543 1976 614 2040 Quae
638 1976 721 2027 omnia
743 1977 769 2026 in
796 1978 891 2028 sanctis
916 1977 1010 2028 veteris
1038 1977 1181 2028 testamenti
1205 1976 1265 2028 viris

169 2063 235 2116 adeo
261 2062 464 2131 praefulserunt,
494 2072 521 2115 ut
549 2063 706 2116 manifestum
733 2066 764 2116 sit
790 2080 835 2116 eos
862 2062 1045 2130 cardinalibus,
1073 2079 1135 2135 quas
1163 2071 1264 2129 vocent,

455 2151 587 2204 virtutibus
606 2153 710 2222 egregie
729 2153 865 2206 instructos
883 2151 971 2205 fuisse.

258 2311 328 2379 105.
373 2313 417 2375 De
448 2314 566 2377 ratione
600 2313 718 2377 dicendi
751 2315 823 2378 satis
857 2314 965 2377 dictum
998 2321 1086 2398 puto,
1119 2332 1198 2377 nunc
1227 2313 1265 2376 de

169 2430 287 2494 actione
316 2428 394 2491 vitae
429 2427 499 2509 quid
532 2436 681 2512 congruat
714 2428 948 2492 consideremus.
1005 2428 1073 2491 Tria
1105 2434 1202 2491 autem
1233 2414 1274 2490 in¹

169 2542 228 2607 boc
250 2560 365 2628 genere
397 2541 557 2624 spectanda
589 2543 756 2605 cernimus:
789 2561 896 2620 unum,
928 2548 960 2604 ut
982 2541 1090 2604 rationi
1117 2540 1264 2623 appetitus

168 2675 230 2720 non
251 2656 414 2719 reluctetur
422 2677 431 2733 3
465 2655 523 2718 boc
556 2655 634 2717 enim
663 2654 847 2718 solummodo
878 2662 1005 2735 possunt
1037 2655 1133 2718 officia
1162 2660 1265 2723 nostru

167 2771 210 2833 illi
233 2770 345 2834 decoro
368 2771 539 2833 convenire.
586 2770 615 2834 Si
632 2771 709 2832 enim
726 2770 872 2850 appetitus
887 2769 995 2831 rationi
1018 2768 1152 2848 obediat,
1178 2769 1264 2833 lncile

144 2933 147 2951 1
168 2883 206 2963 id,
230 2883 310 2965 quod
327 2883 450 2962 deceat,
464 2884 494 2944 in
515 2883 649 2946 omnibns
673 2882 778 2945 olliciis
800 2884 974 2946 conservari
998 2889 1102 2965 potest.
1148 2883 1264 2947 Deinde

151 2983 206 3077 {ne
232 2999 345 3061 maiore
377 2997 491 3079 studio,
523 3015 610 3079 qnam
639 3015 688 3060 res
720 2998 783 3081 ipsa
816 3003 876 3077 est,
907 3016 984 3079 quae
1008 2999 1183 3080 suscipitur,
1215 2999 1264 3061 vel

149 3113 299 3193 minore,
330 3120 379 3176 aut
402 3131 522 3194 parvam
553 3130 662 3195 magno
689 3113 798 3175 ambitu
828 3113 1017 3194 suscepisse,
1049 3119 1099 3175 aut
1127 3131 1264 3196 magnam

146 3212 151 3267 ἶ
170 3228 311 3293 inferiore
339 3227 509 3290 destituisse
537 3228 698 3291 videamur.
744 3227 874 3290 Tertium
902 3226 939 3294 de
963 3225 1168 3290 moderatione
1194 3231 1264 3290 stu-

169 3342 285 3407 diorum
301 3360 486 3424 operumqne
508 3349 693 3421 nostrorum,
718 3341 756 3403 de
779 3340 883 3404 ordine
907 3359 1026 3422 qnoque
1050 3359 1149 3405 rerum
1172 3347 1201 3404 et
1225 3341 1265 3405 de

136 3458 142 3546 p
169 3428 370 3539 oportunitass
395 3464 561 3538 temporum
583 3474 643 3519 non
667 3454 909 3518 dissimulandum
930 3460 1010 3536 puto.

258 3567 328 3634 106.
374 3568 432 3635 Sed
454 3568 579 3650 primum
610 3567 680 3631 illud
704 3568 787 3650 quasi
811 3564 1031 3631 fundamentum
1055 3575 1101 3633 est
1122 3570 1263 3652 omnium,

168 3689 201 3746 ut
228 3683 374 3766 appetitus
404 3682 511 3746 rationi
539 3689 657 3764 pareat3
692 3680 855 3746 secundum
885 3691 915 3745 et
944 3683 1061 3746 tertium
1096 3682 1172 3746 idem
1205 3689 1263 3764 est,

169 3797 310 3876 honest,
338 3797 367 3859 in
390 3802 516 3878 utroque
539 3796 712 3861 moderatio.
758 3797 848 3860 Vacat
870 3797 948 3859 enirn
970 3797 1047 3880 apud
1070 3815 1127 3861 nos
1149 3797 1264 3880 speciei

170 3909 315 3990 liberalis,
338 3928 415 3992 quae
437 3910 624 3992 pulchritudo
646 3909 788 3990 habetur,
816 3915 846 3972 et
869 3910 1019 3993 dignitatis
1042 3911 1261 3994 contemplatio.
1332 3889 1334 3895 ,

214 4146 268 4224 ⁰1)
285 4155 345 4210 Luc.
362 4154 389 4224 6,
406 4152 449 4211 21.
