2692 4666
521 305 546 364 s.
567 304 731 362 lucrosa.
1136 311 1178 378 23

60 527 63 534 .
171 462 224 530 ts.
270 467 481 549 Superioribus
511 472 608 531 autem
632 466 738 532 diebus
762 488 829 532 cum
852 468 1001 535 stiliconis
1029 478 1100 534 tunc
1122 489 1180 534 co-

74 582 155 644 mitis
186 599 310 661 servus,
345 582 395 661 qui
421 581 578 645 daemonio
607 582 813 664 laboraverat,
847 585 877 646 in
900 584 1097 648 Ambrosiana
1119 585 1181 647 ba-

76 697 164 758 silica
187 696 244 759 iam
266 713 357 758 sanus
379 703 534 775 maneret,
565 697 788 762 commendatus
811 716 828 760 a
852 697 971 761 domino
995 716 1069 774 suo;
1092 697 1179 761 iere-

75 811 168 874 batur
200 810 297 891 enim,
333 810 412 892 quod
445 812 573 875 libenter
606 814 641 876 ab
676 813 783 876 codem
816 814 975 877 baberetur
1007 811 1180 892 faceretque

76 925 169 989 falsas
192 926 335 1007 epistulas
359 928 539 1008 tribunatus,
575 929 604 991 in
628 935 756 1010 tautum,
783 936 815 992 ut
837 933 1010 993 tenerentur
1032 927 1178 1006 homines,

78 1039 130 1120 qui
164 1038 201 1101 ad
233 1040 455 1103 ministrandum
487 1043 668 1124 pergebant3
700 1043 753 1106 sed
776 1044 826 1106 ubi
850 1042 886 1105 ad
909 1059 1069 1125 personam
1097 1041 1179 1106 servi

77 1155 125 1216 sui
156 1154 292 1234 pervenit
314 1153 415 1220 Stilico
446 1172 567 1235 comes,
600 1156 665 1237 ipse
695 1157 725 1218 in
755 1175 846 1220 servo
880 1155 975 1219 noluit
1008 1153 1160 1217 vindicare
1168 1175 1178 1231 3

76 1265 215 1328 bomines
238 1265 344 1345 etiam,
366 1268 417 1349 qui
440 1267 557 1349 decepti
580 1267 713 1347 fuerant,
747 1267 915 1332 interventu
938 1268 1104 1333 sacerdotis
1127 1267 1177 1330 di-

78 1379 172 1458 misit,
205 1377 244 1440 de
266 1379 332 1460 ipso
356 1397 430 1442 vero
460 1397 552 1442 servo
583 1378 733 1443 sacerdoti
764 1387 890 1463 questus
914 1388 968 1444 est.
1014 1380 1109 1454 Quem
1132 1380 1179 1443 vir

80 1498 220 1571 sanctus,
255 1508 321 1554 curn
356 1491 393 1554 dc
428 1493 549 1556 basilica
581 1478 778 1556 dmbrcsiana
814 1494 1029 1576 egrederetur,
1064 1494 1177 1574 requiri

81 1605 153 1669 fecit
181 1613 272 1686 atque
303 1605 340 1668 ad
363 1621 397 1666 se
426 1605 559 1686 perduci.
605 1605 700 1679 Quem
731 1624 795 1666 cum
827 1606 1044 1690 interrogasset
1066 1613 1096 1668 et
1119 1606 1177 1669 de-

78 1719 291 1803 prehendisset
313 1725 464 1782 auctorem
488 1720 560 1782 tanti
584 1718 704 1802 flagilii,
736 1721 792 1782 ait:
831 1720 960 1800 Oportet
982 1721 1068 1784 illam
1092 1721 1178 1783 badi

79 1843 211 1897 satanae
226 1834 260 1895 ia
276 1834 434 1896 interitum
457 1833 585 1910 carnis,
604 1829 635 1917 ¹)
660 1852 698 1894 nc
721 1835 801 1896 talia
823 1835 856 1895 ia
876 1844 1036 1914 posteram
1060 1835 1178 1897 audeat

79 1949 249 2012 admittere.
294 1948 388 2022 Quem
412 1946 518 2009 eodem
549 1953 718 2026 momento,
753 1967 823 2021 cum,
847 1946 942 2011 adbuc
973 1965 1072 2011 sermo
1096 1954 1177 2011 esset

78 2066 110 2128 in
133 2083 187 2127 ore
209 2062 390 2140 sacerdotis,
413 2063 535 2144 spiritus
559 2061 714 2125 inmundus
737 2069 887 2143 arreptum
911 2061 1083 2144 discerpere
1098 2082 1176 2127 coe-

79 2181 131 2261 pit.
165 2178 232 2252 Quo
249 2178 315 2240 viso
332 2195 393 2240 non
410 2177 530 2239 minimo
552 2177 658 2239 timore
681 2178 788 2258 repleti
812 2194 913 2239 sumus
929 2184 958 2239 ct
975 2177 1176 2242 admiratione.

79 2292 189 2355 blultos
213 2292 301 2354 etiam
325 2290 429 2353 diebus
452 2290 509 2352 illis
532 2291 694 2371 inponente
718 2291 769 2354 illo
792 2309 895 2354 manus
911 2298 941 2355 et
956 2292 1119 2375 imperante
1139 2293 1175 2355 ab

80 2407 231 2487 spiritibus
253 2404 402 2491 inmundis
424 2404 551 2467 vidimus
575 2423 644 2468 esse
667 2412 820 2489 purgatos.

166 2518 218 2584 44.
262 2521 321 2583 Per
349 2520 427 2582 idem
458 2527 573 2603 tempus
603 2521 737 2584 Nicetius
772 2521 889 2602 quidam
922 2541 961 2584 ex
994 2523 1112 2585 tribuno
1148 2529 1178 2585 et

79 2636 213 2714 notario,
244 2636 294 2716 qui
317 2637 358 2698 ita
381 2635 487 2717 pedum
518 2635 624 2698 dolore
655 2636 826 2716 tenebatur,
857 2643 889 2698 ut
912 2653 981 2699 raro
1004 2636 1033 2698 in
1057 2636 1176 2717 publico

79 2750 253 2829 videretur,
277 2751 395 2812 eumad
413 2751 506 2812 altare
528 2735 724 2829 accessisset,
748 2758 780 2813 ut
802 2757 986 2814 sacramenta
1008 2751 1177 2832 perciperet

79 2863 269 2944 calcatusque
293 2881 365 2926 casu
398 2883 415 2926 a
442 2861 599 2927 sacerdote
630 2865 842 2943 exclamasset,
874 2864 1000 2927 audivit:
1036 2866 1119 2927 Vade
1149 2874 1179 2927 et

79 2980 191 3042 amodo
208 2980 405 3043 salvareris.
443 2979 506 3040 Nec
523 2980 647 3060 amplius
671 2979 804 3042 doluisse
826 2978 920 3061 pedes
943 2985 1092 3061 tempore,
1116 2997 1176 3062 quo

79 3100 200 3157 sanctus
224 3093 368 3157 sacerdos
392 3091 429 3156 de
452 3094 508 3156 bac
530 3095 598 3156 lucc
619 3096 775 3176 migravit,
798 3094 927 3157 lacrimis
950 3094 1121 3161 testabatur.

167 3205 219 3272 45.
265 3207 323 3272 Sed
348 3216 416 3290 post
438 3209 502 3273 dies
523 3210 579 3273 bos
603 3208 739 3272 ordinato
763 3208 921 3272 sacerdote
951 3208 1098 3272 ecclesiae
1122 3209 1176 3271 Ti-

80 3322 213 3403 ciuensi,
243 3323 343 3386 incidit
365 3325 395 3385 in
418 3323 630 3402 infirmitatem,
661 3342 719 3404 qua
742 3323 874 3404 plurimis
898 3321 1004 3384 diebus
1028 3340 1094 3384 cum
1118 3321 1176 3385 de-

79 3436 227 3498 tineretur
249 3436 279 3498 in
301 3436 429 3515 lectulo,
460 3453 561 3499 comes
586 3436 687 3500 Stilico
711 3435 824 3498 dixisse
846 3433 959 3515 fertur,
991 3435 1175 3528 quodtanto

79 3550 145 3613 viro
175 3549 338 3614 recedente
362 3552 398 3615 dc
422 3570 551 3635 corpore
582 3552 717 3614 interitus
748 3551 915 3613 immineret
936 3551 1045 3616 ltaliae.
1082 3544 1176 3615 *Unde

79 3667 256 3730 convocatis
278 3667 316 3729 ad
339 3686 373 3731 se
396 3667 585 3731 nobilissimis
613 3667 686 3729 viris
708 3667 785 3729 illius
818 3667 960 3746 civitatis,
993 3683 1068 3749 quos
1092 3666 1176 3750 diligi

80 3787 224 3845 asancto
252 3781 410 3844 sacerdote
440 3788 641 3864 cognoverat,
677 3781 781 3862 partim
813 3780 1016 3843 interminatus
1040 3785 1086 3841 est
1107 3779 1174 3859 illis,

80 3895 185 3973 partim
207 3892 317 3956 blando
340 3911 481 3957 sermone
503 3893 680 3976 persuadet,
714 3900 746 3955 ut
767 3891 804 3955 ad
827 3899 960 3958 sanctum
989 3892 1175 3957 sacerdotem

152 4137 180 4206 1)
199 4138 223 4191 1.
243 4135 301 4189 cm.
321 4137 347 4202 a,
366 4138 410 4197 5.,
