2692 4666
152 314 195 378 3ss
600 309 626 364 s.
644 307 802 363 nnnncsu

152 492 236 552 rum,
266 471 392 535 interior
420 476 518 532 tamen
549 474 613 532 erat
641 487 694 548 ec,
728 471 777 551 qui
807 471 904 534 minor
931 475 976 533 est
998 470 1028 532 in
1050 485 1148 553 regno
1177 486 1253 533 cae-

153 586 257 650 lorum.
278 583 306 670 ¹)

244 695 315 762 157.
339 688 461 760 'Potest
484 702 513 757 et
536 696 595 759 sic:
618 695 685 757 Non
709 695 839 760 abundat
863 695 910 758 dei
929 696 1024 779 gratia
1047 695 1254 778 corporaliter,

156 810 224 891 quia
257 808 396 890 spiritalis
428 813 483 868 est.
530 806 603 880 Quis
636 812 735 886 potest
769 807 833 869 eius
864 813 914 870 aut
942 809 1173 892 magnitudinem
1204 816 1255 874 aut

154 923 334 986 latitudinem
358 918 624 1001 conprehendere,
656 936 743 998 quarn
767 938 827 982 non
851 919 960 983 videt?
1004 922 1092 985 Fides
1116 922 1257 986 siluerit

157 1039 233 1101 sicut
255 1054 380 1120 granum
409 1034 536 1114 sinapis,
567 1038 683 1094 montes
711 1032 875 1095 transferre
902 1041 1019 1115 potest,
1050 1041 1081 1098 et
1109 1053 1172 1099 non
1202 1037 1256 1099 tibi
1305 1100 1308 1105 ,

156 1150 243 1212 datur
264 1149 341 1211 ultra
364 1166 489 1229 granum
512 1146 632 1227 sinapis.
678 1146 708 1210 Si
732 1146 862 1209 abundet
884 1149 914 1210 in
935 1154 965 1210 te
986 1149 1100 1231 gratia,
1122 1157 1184 1214 non
1207 1158 1256 1214 est
1299 1126 1303 1131 Ι

155 1262 335 1340 verendum,
367 1280 406 1323 ne
436 1278 521 1322 mens
552 1265 602 1322 tua
623 1265 705 1322 tanto
736 1278 859 1321 munere
886 1260 1005 1343 incipiat
1034 1260 1152 1339 extolli,
1185 1261 1256 1342 quia

155 1378 236 1439 multi
266 1381 352 1453 sunt,
388 1373 438 1454 qui
468 1372 504 1433 ab
528 1370 680 1432 altitudine
711 1371 809 1432 cordis
841 1372 887 1434 sui
916 1375 1038 1454 gramm
1066 1379 1255 1453 corruerunt,

157 1491 287 1572 quamsi
305 1488 413 1550 nullam
436 1485 610 1548 habuissent
633 1484 681 1547 dei
704 1486 854 1566 gratiam?
898 1486 935 1549 Et
957 1489 1008 1567 qui
1029 1505 1133 1569 parurn
1153 1487 1256 1566 habet,

156 1622 217 1667 non
240 1602 359 1680 minuit,
392 1600 460 1680 quia
483 1617 544 1662 non
568 1605 613 1662 est
636 1617 831 1680 corporeum,
866 1607 897 1663 ut
920 1600 1065 1664 dividatur
1072 1623 1082 1678 3
1116 1607 1147 1664 et
1175 1598 1257 1680 quod

156 1736 260 1799 parum
283 1714 400 1778 videtur
422 1714 558 1791 habenti,
580 1712 736 1794 plurimum
760 1721 806 1775 est
830 1714 878 1776 cui
900 1715 972 1777 nihil
995 1714 1088 1776 deest.

248 1826 318 1892 158.
364 1825 586 1889 Consideranda
609 1828 695 1889 etiam
719 1828 747 1888 in
770 1827 926 1909 largiendo
949 1835 1030 1892 aetas
1054 1835 1144 1908 atque
1165 1825 1256 1891 debi-

156 1945 238 2024 litas,
270 1960 491 2022 nonnumquam
524 1941 612 2003 etiam
641 1941 840 2020 verecundia,
875 1939 951 2024 quae
981 1943 1129 2026 ingenuos
1158 1940 1257 2023 prodit

157 2058 291 2135 natales,
322 2063 355 2117 ut
384 2056 506 2117 senibus
536 2055 602 2134 plus
630 2055 785 2136 largiaris,
818 2057 868 2135 qui
894 2057 950 2120 sibi
980 2056 1085 2118 labore
1113 2055 1171 2117 iam
1194 2071 1257 2117 non

158 2174 271 2249 queunt
300 2167 409 2229 victum
441 2183 600 2245 quaerere.
647 2165 785 2229 Similiter
817 2172 847 2227 et
877 2165 1010 2233 debilitas
1041 2168 1193 2249 corporis,
1226 2174 1257 2230 et

158 2281 233 2342 haec
264 2279 393 2341 iuvanda
420 2279 593 2360 promptius.
639 2280 722 2343 Tunc
746 2282 771 2342 si
801 2282 867 2360 quis
898 2299 938 2342 ex
960 2281 1067 2344 divitiis
1098 2282 1205 2345 cecidit
1226 2283 1256 2354 in

159 2400 341 2476 egestatem,
375 2399 404 2454 et
434 2393 561 2454 maxime
583 2393 609 2454 si
632 2411 692 2454 uon
724 2393 796 2454 vitio
827 2411 897 2473 suo,
929 2395 982 2459 sed
1014 2403 1064 2459 aut
1093 2397 1258 2461 latrociniis

159 2514 209 2568 aut
231 2506 449 2586 proscriptione
471 2513 520 2567 aut
543 2507 696 2568 calumniis
720 2525 797 2586 quae
820 2507 947 2570 habebat
969 2511 1073 2572 amisit.

249 2617 319 2682 159.
365 2618 425 2683 Sed
448 2618 526 2682 lortc
551 2619 628 2681 dicat
651 2621 772 2701 aliquis:
808 2619 921 2685 Caecus
944 2642 1005 2686 uno
1027 2623 1096 2686 loco
1118 2623 1206 2687 sedet
1228 2632 1260 2688 et

159 2733 352 2814 praeteritur,
384 2739 414 2793 et
441 2733 557 2794 iuuenis
588 2731 703 2794 ualidus
733 2731 907 2813 frequenter
929 2736 1043 2815 accipit.
1088 2735 1125 2797 Et
1152 2746 1258 2803 remu

160 2852 222 2922 est,
255 2845 323 2923 quia
354 2845 471 2925 obrepit
499 2863 554 2925 per
584 2847 832 2925 inportunitatem.
877 2846 945 2909 Non
977 2854 1023 2911 est
1045 2847 1116 2911 illud
1148 2830 1259 2932 iudicii,

159 2957 214 3019 scd
237 2957 333 3020 taedii.
378 2957 451 3018 Nam
475 2963 505 3018 et
527 2957 664 3020 dominus
688 2960 726 3021 ait
742 2957 775 3043 ²]
807 2961 836 3022 in
869 2961 1027 3043 evangelio
1057 2962 1096 3026 de
1124 2981 1180 3044 eo,
1209 2967 1259 3047 qui

159 3071 217 3132 iam
248 3071 395 3133 clauserat
427 3071 534 3134 ostium
565 3089 667 3152 suurn,
703 3075 729 3136 si
761 3076 827 3156 quis
862 3077 970 3138 ostium
1005 3076 1069 3139 eius
1101 3078 1259 3157 procacius

160 3184 274 3265 pulset,
297 3187 366 3266 quia
388 3186 485 3267 surgit
508 3191 538 3247 et
560 3187 608 3251 dat
631 3189 671 3249 illi
694 3194 819 3270 propter
841 3188 1096 3268 inporbrnitatem..

544 3382 713 3451 CAPUT
747 3387 875 3452 XXXI.

160 3520 302 3588 Acceptum
321 3520 471 3574 beneficium
491 3504 592 3590 largiori
606 3540 680 3575 manu
691 3525 875 3579 remetiendum
894 3535 978 3577 terrac
996 3525 1151 3594 praecipitur
1169 3540 1261 3578 exem-

161 3607 219 3675 plo;
239 3624 287 3659 nec
306 3623 357 3659 nou
376 3609 499 3662 adductus
511 3609 543 3661 ed
557 3611 663 3662 eandem
677 3629 730 3663 rem
744 3611 883 3666 Salomonis
900 3614 932 3665 de
948 3614 1065 3666 convivio
1084 3612 1157 3666 locus
1169 3622 1263 3682 postea
1308 3610 1312 3615 ’

527 3697 632 3763 spiritali
650 3713 726 3749 sensu
745 3701 887 3767 exponitur.

253 3807 322 3874 160.
368 3809 522 3873 Pulchrum
558 3830 679 3894 quoque
715 3822 761 3877 est
793 3816 1021 3897 propensiorem
1055 3814 1119 3878 eius
1156 3813 1263 3878 haberi

162 3921 328 4017 ratiouepn,
362 3921 411 4010 qui
435 3922 485 3984 tibi
508 3929 558 3985 aut
580 3922 755 3987 beneficium
778 3925 896 4006 aliquod
926 3934 976 3990 aut
998 3945 1105 3993 munus
1126 3927 1261 4012 contulit,

164 4038 369 4050 --—-—

235 4090 261 4156 1)
280 4090 366 4145 batth.
386 4091 428 4160 11,
448 4093 478 4146 11
501 4101 527 4146 et
543 4092 603 4147 Luc.
623 4093 649 4162 7,
667 4094 710 4152 28.
782 4096 810 4168 2)
828 4096 888 4151 Luc.
909 4096 950 4171 11,
969 4098 994 4154 8.
