2692 4666
319 311 365 364 bit
385 309 522 365 oblicus
541 309 765 365 mtnlstnotttttt
782 308 880 363 ttuna
900 308 931 362 11.
1108 309 1170 377 127

78 474 276 555 molliculum,
306 474 430 538 alterum
453 476 537 557 quasi
560 475 703 539 eviratum
726 481 757 537 et
778 470 923 537 infirmum
945 472 1114 554 despuitur,
1139 471 1171 534 in

77 588 149 669 ipsis
184 586 338 653 doloribus
370 589 459 651 vitam
490 589 606 651 beatam
636 587 768 652 eminere
802 587 1030 650 demonstretur.
1085 583 1172 660 Quod

76 703 164 767 facile
180 702 284 767 doceri
304 709 412 785 potest,
436 722 501 766 cum
524 703 702 786 legerimus:
722 700 751 787 ¹)
773 702 866 765 Beati
888 703 974 778 eatis,
998 721 1066 763 com
1083 700 1172 763 cobis

74 818 261 880 maledicent
284 825 313 880 et
330 825 554 898 persequentur·
577 825 607 878 et
628 816 732 879 dicent
754 833 842 877 omne
870 816 982 878 malum
1006 817 1172 878 adverada

74 950 134 996 oea
151 933 333 995 mentientes
352 936 484 1011 propter
505 931 663 992 iustitiam.
704 929 838 991 Gaudete
855 937 885 990 et
899 930 1068 1006 eccultote,
1093 949 1170 1010 puo-

73 1047 159 1109 m'om
180 1065 298 1108 merces
320 1052 426 1107 oestro
448 1044 579 1122 copiosa
594 1051 641 1106 est
656 1045 689 1105 in
706 1044 802 1105 caelo.
847 1042 901 1105 Sic
916 1044 998 1104 enim
1013 1044 1171 1122 persecuti

74 1168 148 1223 eunt
163 1168 194 1221 et
205 1160 390 1240 propbetas,
416 1159 469 1237 put
493 1166 583 1219 erant
606 1165 678 1218 onte
700 1176 765 1219 eos.
808 1156 848 1219 Et
867 1155 951 1219 alibi:
969 1152 1001 1241 ²)
1027 1156 1087 1231 Oui
1107 1157 1173 1220 velt

74 1272 183 1334 cenire
202 1279 276 1350 post
297 1291 359 1348 me,
384 1272 470 1333 tollat
494 1289 614 1331 cracem
636 1290 726 1333 soom
749 1278 779 1332 et
799 1277 946 1349 sequatur
967 1291 1022 1333 me.

500 1541 670 1609 CAPUT
695 1543 753 1609 IV.

74 1707 144 1759 idem
170 1714 362 1775 argumentum,
395 1708 495 1759 scilicet
520 1707 595 1760 rebus
626 1709 737 1759 externis
767 1723 818 1758 non
846 1710 938 1772 minui,
970 1722 1054 1775 neque
1082 1707 1172 1776 augeri

312 1794 494 1847 beatitudinem
512 1803 628 1847 veterum
648 1792 771 1862 exemplis
790 1794 936 1847 iliustretur.

166 1952 214 2019 10.
258 1955 312 2018 Est
334 1974 409 2040 ergo
432 1957 583 2021 beatitudo
600 1957 674 2019 etin
696 1954 863 2035 doloribus,
888 1975 964 2036 qaros
987 1957 1074 2039 pleno
1097 1975 1171 2021 sua-

76 2071 177 2133 vitatis
200 2071 292 2134 virtus
316 2072 471 2152 conprimit
494 2078 523 2134 et
545 2078 682 2150 coercet,
708 2071 772 2152 ipsa
794 2071 850 2132 sibi
874 2071 1042 2135 domesticis
1065 2074 1171 2154 opibus

41 2215 44 2221 ·
76 2182 234 2248 abundans
264 2184 314 2248 vel
341 2185 379 2247 ad
409 2187 619 2249 conscientiam
646 2185 692 2248 vel
714 2185 752 2247 ad
777 2186 910 2268 gratiam.
954 2187 1059 2268 Neque
1093 2189 1171 2252 enim

74 2317 180 2379 parum
202 2299 305 2361 beatus
321 2300 459 2382 Moyses,
477 2296 504 2377 3)
528 2319 593 2363 cnm
615 2301 833 2383 Aegyptiorum
858 2300 980 2364 vallatus
1002 2302 1119 2384 populis
1143 2308 1172 2365 ct

75 2413 152 2474 mari
175 2413 294 2476 clausus
316 2432 371 2495 per
390 2413 496 2476 lluctus
514 2416 570 2478 sibi
587 2422 617 2476 et
630 2415 742 2496 populo
764 2423 879 2496 patrum
902 2414 1071 2496 pedestrem
1093 2418 1172 2480 viam

75 2527 133 2608 piis
166 2527 278 2590 meritis
307 2527 478 2591 invenisset.
532 2528 657 2602 Quando
690 2536 787 2591 autem
819 2527 941 2607 fortior,
976 2547 1063 2610 quem
1091 2536 1171 2611 tune,

76 2660 145 2703 cum
168 2641 309 2703 extremis
339 2642 556 2705 circumventus
585 2642 725 2724 periculis
747 2660 808 2705 non
832 2641 1008 2723 desperabat
1037 2643 1172 2725 salutem,

73 2753 131 2818 sed
154 2756 293 2838 exigebat
314 2757 514 2838 triumphum?

167 2868 215 2932 11.
260 2867 336 2944 Ouid
358 2868 461 2933 Aaron
479 2867 520 2953 ⁴),
544 2871 662 2952 quando
686 2889 721 2934 se
742 2872 905 2935 beatiorem
928 2871 1062 2953 credidit,
1085 2890 1172 2953 quem

75 2992 167 3062 tunc,
194 2983 312 3065 quando
336 2983 450 3047 medius
473 2986 555 3048 stetit
576 2986 653 3048 inter
675 2986 762 3048 vivos
786 3003 821 3047 ac
843 2991 988 3059 mortuos,
1001 2993 1031 3048 et
1053 2987 1173 3050 obiectu

76 3097 124 3162 sui
146 3097 246 3161 statuit
269 3106 412 3178 mortem,
443 3099 541 3162 need
565 3100 699 3162 vivorum
729 3101 870 3164 transiret
900 3101 1017 3183 agmina
1040 3120 1056 3165 a
1080 3100 1173 3166 eada·

74 3213 199 3276 veribus
231 3214 443 3279 mortuorum?
487 3214 563 3289 Quid
586 3215 623 3277 de
646 3233 740 3296 puero
763 3214 887 3278 Daniele
904 3211 935 3298 ⁵)
966 3215 1089 3296 loquar,
1123 3214 1174 3296 qui

77 3334 138 3389 tam
162 3327 281 3409 sapiens
304 3333 384 3406 erat,
415 3333 448 3389 ut
468 3329 547 3390 inter
568 3329 673 3391 leones
697 3327 775 3391 fame
798 3333 992 3408 exasperatos
1013 3326 1092 3390 nulla
1114 3328 1173 3389 be-

75 3439 173 3504 stialis
196 3441 338 3504 saevitiae
360 3439 551 3523 frangeretur
574 3440 746 3520 formidine,
777 3442 816 3503 ita
838 3439 953 3503 alienus
977 3459 994 3502 a
1016 3446 1112 3519 metu,
1141 3445 1174 3505 ut

75 3560 183 3636 posset
213 3554 342 3636 epulari,
376 3574 433 3618 nec
467 3561 639 3635 vereretur,
673 3574 711 3618 ne
741 3553 779 3618 ad
809 3558 924 3636 pastum
957 3554 1095 3636 exemplo
1126 3554 1173 3619 sui

75 3665 159 3730 ieras
181 3671 385 3750 provocaret?

168 3777 216 3843 12.
260 3781 314 3846 Est
336 3800 411 3866 ergo
434 3784 516 3846 etin
539 3781 645 3846 dolore
668 3783 780 3861 virtus,
802 3799 879 3863 quae
900 3781 958 3844 sibi
978 3781 1076 3843 bonae
1098 3796 1172 3844 sua·

90 3917 289 3927 -—-—.

148 4042 176 4106 1)
194 4039 281 4093 Manu.
300 4039 330 4106 5,
356 4037 386 4090 11
406 4054 461 4107 seq.
547 4037 576 4102 2)
599 4035 684 4090 lluttb.
712 4035 754 4101 16,
778 4035 819 4090 24.
909 4035 1106 4106 ejurante,
1131 4036 1171 4092 13.

77 4127 108 4197 1)
126 4124 200 4179 Num.
222 4126 264 4192 16,
283 4125 316 4178 18
396 4125 424 4190 5)
444 4122 509 4176 Dan.
530 4121 569 4174 11.
