<?xml version="1.0" encoding="UTF-8"?>
<!DOCTYPE html PUBLIC "-//W3C//DTD XHTML 1.0 Transitional//EN"
    "http://www.w3.org/TR/xhtml1/DTD/xhtml1-transitional.dtd">
<html xmlns="http://www.w3.org/1999/xhtml" xml:lang="en" lang="en">
 <head>
  <title>
</title>
<meta http-equiv="Content-Type" content="text/html;charset=utf-8" />
  <meta name='ocr-system' content='tesseract 3.04.00' />
  <meta name='ocr-capabilities' content='ocr_page ocr_carea ocr_par ocr_line ocrx_word'/>
</head>
<body>
  <div class='ocr_page' id='page_1' title='image "./deofficiisminis00krabgoog_0198.png"; bbox 0 0 2692 4666; ppageno 0'>
   <div class='ocr_carea' id='block_1_1' title="bbox 319 324 1184 396">
    <p class='ocr_par' dir='ltr' id='par_1_1' title="bbox 319 324 1184 396">
     <span class='ocr_line' id='line_1_1' title="bbox 319 324 1184 396; baseline 0.01 -17"><span class='ocrx_word' id='word_1_1' title='bbox 319 325 365 379; x_wconf 82' lang='lat' dir='ltr'><strong>DE</strong></span> <span class='ocrx_word' id='word_1_2' title='bbox 384 325 523 380; x_wconf 72' lang='lat' dir='ltr'><strong>osricus</strong></span> <span class='ocrx_word' id='word_1_3' title='bbox 541 324 765 380; x_wconf 78' lang='lat' dir='ltr'><strong>umlstaoatttt</strong></span> <span class='ocrx_word' id='word_1_4' title='bbox 782 325 879 381; x_wconf 81' lang='lat' dir='ltr'>LIBER</span> <span class='ocrx_word' id='word_1_5' title='bbox 895 327 937 383; x_wconf 84' lang='lat' dir='ltr'><strong>nt</strong></span> <span class='ocrx_word' id='word_1_6' title='bbox 1124 331 1184 396; x_wconf 84' lang='grc'><strong>181</strong></span> 
     </span>
    </p>
   </div>
   <div class='ocr_carea' id='block_1_2' title="bbox 63 485 1188 3859">
    <p class='ocr_par' dir='ltr' id='par_1_2' title="bbox 84 485 1187 683">
     <span class='ocr_line' id='line_1_2' title="bbox 84 485 1187 570; baseline 0.004 -22"><span class='ocrx_word' id='word_1_7' title='bbox 84 503 253 567; x_wconf 79' lang='lat' dir='ltr'><strong>suggeras,</strong></span> <span class='ocrx_word' id='word_1_8' title='bbox 276 494 325 550; x_wconf 90' lang='lat' dir='ltr'><strong>aut</strong></span> <span class='ocrx_word' id='word_1_9' title='bbox 348 487 387 551; x_wconf 94' lang='lat' dir='ltr'><strong>de</strong></span> <span class='ocrx_word' id='word_1_10' title='bbox 409 487 533 551; x_wconf 84' lang='lat' dir='ltr'><strong>dextera</strong></span> <span class='ocrx_word' id='word_1_11' title='bbox 556 485 690 570; x_wconf 84' lang='lat' dir='ltr'><strong>fungaris</strong></span> <span class='ocrx_word' id='word_1_12' title='bbox 713 488 878 552; x_wconf 88' lang='lat' dir='ltr'><strong>ministerio</strong></span> <span class='ocrx_word' id='word_1_13' title='bbox 900 489 1055 568; x_wconf 78' lang='lat' dir='ltr'><strong>sinistrae,</strong></span> <span class='ocrx_word' id='word_1_14' title='bbox 1078 496 1111 552; x_wconf 92' lang='lat' dir='ltr'><strong>ut</strong></span> <span class='ocrx_word' id='word_1_15' title='bbox 1132 506 1187 552; x_wconf 89' lang='lat' dir='ltr'><strong>re·</strong></span> 
     </span>
     <span class='ocr_line' id='line_1_3' title="bbox 85 596 998 683; baseline 0.005 -24"><span class='ocrx_word' id='word_1_16' title='bbox 85 596 193 679; x_wconf 88' lang='lat' dir='ltr'><strong>liquias</strong></span> <span class='ocrx_word' id='word_1_17' title='bbox 217 601 349 665; x_wconf 90' lang='lat' dir='ltr'><strong>ciborum</strong></span> <span class='ocrx_word' id='word_1_18' title='bbox 372 602 492 680; x_wconf 79' lang='lat' dir='ltr'><strong>abluas,</strong></span> <span class='ocrx_word' id='word_1_19' title='bbox 516 602 574 665; x_wconf 88' lang='lat' dir='ltr'><strong>nisi</strong></span> <span class='ocrx_word' id='word_1_20' title='bbox 596 601 674 665; x_wconf 88' lang='lat' dir='ltr'><strong>forte</strong></span> <span class='ocrx_word' id='word_1_21' title='bbox 697 608 802 683; x_wconf 88' lang='lat' dir='ltr'><strong>poscat</strong></span> <span class='ocrx_word' id='word_1_22' title='bbox 823 604 998 666; x_wconf 76' lang='lat' dir='ltr'><strong>necessitas.</strong></span> 
     </span>
    </p>

    <p class='ocr_par' dir='ltr' id='par_1_3' title="bbox 81 709 1188 2027">
     <span class='ocr_line' id='line_1_4' title="bbox 178 709 1186 798; baseline 0.003 -23"><span class='ocrx_word' id='word_1_23' title='bbox 178 709 227 777; x_wconf 88' lang='lat'><strong>18.</strong></span> <span class='ocrx_word' id='word_1_24' title='bbox 272 715 368 798; x_wconf 85' lang='lat' dir='ltr'><strong>Finge</strong></span> <span class='ocrx_word' id='word_1_25' title='bbox 389 716 466 779; x_wconf 89' lang='lat' dir='ltr'><strong>hanc</strong></span> <span class='ocrx_word' id='word_1_26' title='bbox 489 723 519 778; x_wconf 93' lang='lat' dir='ltr'><strong>et</strong></span> <span class='ocrx_word' id='word_1_27' title='bbox 542 714 577 779; x_wconf 88' lang='lat' dir='ltr'><strong>da</strong></span> <span class='ocrx_word' id='word_1_28' title='bbox 601 716 688 779; x_wconf 89' lang='lat' dir='ltr'><strong>oculo</strong></span> <span class='ocrx_word' id='word_1_29' title='bbox 711 717 865 794; x_wconf 87' lang='lat' dir='ltr'><strong>virtutem,</strong></span> <span class='ocrx_word' id='word_1_30' title='bbox 897 723 929 780; x_wconf 89' lang='lat' dir='ltr'><strong>ut</strong></span> <span class='ocrx_word' id='word_1_31' title='bbox 957 717 1057 798; x_wconf 86' lang='lat' dir='ltr'><strong>possit</strong></span> <span class='ocrx_word' id='word_1_32' title='bbox 1083 716 1186 779; x_wconf 88' lang='lat' dir='ltr'><strong>detra-</strong></span> 
     </span>
     <span class='ocr_line' id='line_1_5' title="bbox 85 827 1188 914; baseline 0.004 -24"><span class='ocrx_word' id='word_1_33' title='bbox 85 827 161 890; x_wconf 83' lang='lat' dir='ltr'><strong>here</strong></span> <span class='ocrx_word' id='word_1_34' title='bbox 183 845 305 892; x_wconf 89' lang='lat' dir='ltr'><strong>sensum</strong></span> <span class='ocrx_word' id='word_1_35' title='bbox 331 831 428 912; x_wconf 88' lang='lat' dir='ltr'><strong>capiti,</strong></span> <span class='ocrx_word' id='word_1_36' title='bbox 456 830 584 893; x_wconf 91' lang='lat' dir='ltr'><strong>auditum</strong></span> <span class='ocrx_word' id='word_1_37' title='bbox 607 831 738 910; x_wconf 91' lang='lat' dir='ltr'><strong>auribus,</strong></span> <span class='ocrx_word' id='word_1_38' title='bbox 765 830 856 892; x_wconf 91' lang='lat' dir='ltr'><strong>menti</strong></span> <span class='ocrx_word' id='word_1_39' title='bbox 879 831 1086 914; x_wconf 84' lang='lat' dir='ltr'><strong>cogitationes,</strong></span> <span class='ocrx_word' id='word_1_40' title='bbox 1107 830 1188 894; x_wconf 92' lang='lat' dir='ltr'><strong>odo·</strong></span> 
     </span>
     <span class='ocr_line' id='line_1_6' title="bbox 84 942 1187 1025; baseline 0.005 -24"><span class='ocrx_word' id='word_1_41' title='bbox 84 946 181 1002; x_wconf 89' lang='lat' dir='ltr'><strong>ratum</strong></span> <span class='ocrx_word' id='word_1_42' title='bbox 212 942 354 1022; x_wconf 91' lang='lat' dir='ltr'><strong>naribus,</strong></span> <span class='ocrx_word' id='word_1_43' title='bbox 385 945 430 1007; x_wconf 89' lang='lat' dir='ltr'><strong>ori</strong></span> <span class='ocrx_word' id='word_1_44' title='bbox 460 961 598 1025; x_wconf 88' lang='lat' dir='ltr'><strong>saporem</strong></span> <span class='ocrx_word' id='word_1_45' title='bbox 622 952 652 1006; x_wconf 91' lang='lat' dir='ltr'><strong>et</strong></span> <span class='ocrx_word' id='word_1_46' title='bbox 674 945 731 1006; x_wconf 93' lang='lat' dir='ltr'><strong>sibi</strong></span> <span class='ocrx_word' id='word_1_47' title='bbox 754 943 908 1020; x_wconf 80' lang='lat' dir='ltr'><strong>conterat3</strong></span> <span class='ocrx_word' id='word_1_48' title='bbox 941 960 1041 1007; x_wconf 85' lang='lat' dir='ltr'><strong>nonne</strong></span> <span class='ocrx_word' id='word_1_49' title='bbox 1069 963 1187 1007; x_wconf 89' lang='lat' dir='ltr'><strong>omnem</strong></span> 
     </span>
     <span class='ocr_line' id='line_1_7' title="bbox 83 1054 1186 1141; baseline 0.004 -26"><span class='ocrx_word' id='word_1_50' title='bbox 83 1060 192 1116; x_wconf 91' lang='lat' dir='ltr'><strong>statum</strong></span> <span class='ocrx_word' id='word_1_51' title='bbox 218 1054 363 1119; x_wconf 87' lang='lat' dir='ltr'><strong>dissolvet</strong></span> <span class='ocrx_word' id='word_1_52' title='bbox 384 1058 533 1121; x_wconf 80' lang='lat' dir='ltr'><strong>naturae?</strong></span> <span class='ocrx_word' id='word_1_53' title='bbox 577 1057 663 1120; x_wconf 89' lang='lat' dir='ltr'><strong>Unde</strong></span> <span class='ocrx_word' id='word_1_54' title='bbox 685 1057 809 1138; x_wconf 88' lang='lat' dir='ltr'><strong>pulchre</strong></span> <span class='ocrx_word' id='word_1_55' title='bbox 833 1056 988 1138; x_wconf 89' lang='lat' dir='ltr'><strong>apostolus</strong></span> <span class='ocrx_word' id='word_1_56' title='bbox 1011 1058 1068 1119; x_wconf 90' lang='lat' dir='ltr'><strong>ait:</strong></span> <span class='ocrx_word' id='word_1_57' title='bbox 1089 1054 1118 1141; x_wconf 70' lang='grc' dir='ltr'><strong>Ι)</strong></span> <span class='ocrx_word' id='word_1_58' title='bbox 1150 1057 1186 1119; x_wconf 86' lang='lat' dir='ltr'><strong>Si</strong></span> 
     </span>
     <span class='ocr_line' id='line_1_8' title="bbox 85 1167 1186 1249; baseline 0.004 -22"><span class='ocrx_word' id='word_1_59' title='bbox 85 1173 181 1229; x_wconf 87' lang='lat' dir='ltr'><strong>totum</strong></span> <span class='ocrx_word' id='word_1_60' title='bbox 205 1186 316 1249; x_wconf 82' lang='lat' dir='ltr'><strong>corpus</strong></span> <span class='ocrx_word' id='word_1_61' title='bbox 341 1170 465 1245; x_wconf 80' lang='lat' dir='ltr'><strong>oculus,</strong></span> <span class='ocrx_word' id='word_1_62' title='bbox 492 1169 546 1232; x_wconf 82' lang='lat' dir='ltr'><strong>obi</strong></span> <span class='ocrx_word' id='word_1_63' title='bbox 570 1168 728 1230; x_wconf 80' lang='lat' dir='ltr'><strong>auditus?</strong></span> <span class='ocrx_word' id='word_1_64' title='bbox 772 1167 807 1228; x_wconf 84' lang='lat' dir='ltr'><strong>st</strong></span> <span class='ocrx_word' id='word_1_65' title='bbox 831 1175 928 1230; x_wconf 78' lang='lat' dir='ltr'><strong>totum</strong></span> <span class='ocrx_word' id='word_1_66' title='bbox 950 1168 1097 1245; x_wconf 80' lang='lat' dir='ltr'><strong>auditur,</strong></span> <span class='ocrx_word' id='word_1_67' title='bbox 1132 1167 1186 1231; x_wconf 80' lang='lat' dir='ltr'><strong>obt</strong></span> 
     </span>
     <span class='ocr_line' id='line_1_9' title="bbox 85 1280 1185 1365; baseline 0 -22"><span class='ocrx_word' id='word_1_68' title='bbox 85 1281 263 1344; x_wconf 79' lang='lat' dir='ltr'><strong>odoratos?</strong></span> <span class='ocrx_word' id='word_1_69' title='bbox 298 1282 408 1346; x_wconf 89' lang='lat' dir='ltr'><strong>Omnes</strong></span> <span class='ocrx_word' id='word_1_70' title='bbox 426 1301 501 1365; x_wconf 88' lang='lat' dir='ltr'><strong>ergo</strong></span> <span class='ocrx_word' id='word_1_71' title='bbox 518 1300 607 1345; x_wconf 91' lang='lat' dir='ltr'><strong>unum</strong></span> <span class='ocrx_word' id='word_1_72' title='bbox 623 1299 733 1364; x_wconf 84' lang='lat' dir='ltr'><strong>eorpus</strong></span> <span class='ocrx_word' id='word_1_73' title='bbox 747 1298 850 1344; x_wconf 90' lang='lat' dir='ltr'><strong>sumus</strong></span> <span class='ocrx_word' id='word_1_74' title='bbox 866 1287 896 1343; x_wconf 93' lang='lat' dir='ltr'><strong>et</strong></span> <span class='ocrx_word' id='word_1_75' title='bbox 911 1280 1029 1343; x_wconf 90' lang='lat' dir='ltr'><strong>diversa</strong></span> <span class='ocrx_word' id='word_1_76' title='bbox 1044 1281 1185 1360; x_wconf 88' lang='lat' dir='ltr'><strong>membra,</strong></span> 
     </span>
     <span class='ocr_line' id='line_1_10' title="bbox 84 1392 1185 1478; baseline 0 -21"><span class='ocrx_word' id='word_1_77' title='bbox 84 1392 139 1457; x_wconf 91' lang='lat' dir='ltr'><strong>sed</strong></span> <span class='ocrx_word' id='word_1_78' title='bbox 163 1395 259 1457; x_wconf 92' lang='lat' dir='ltr'><strong>omnia</strong></span> <span class='ocrx_word' id='word_1_79' title='bbox 284 1397 405 1477; x_wconf 84' lang='lat' dir='ltr'><strong>corpori</strong></span> <span class='ocrx_word' id='word_1_80' title='bbox 427 1398 618 1474; x_wconf 79' lang='lat' dir='ltr'><strong>necessaria,-</strong></span> <span class='ocrx_word' id='word_1_81' title='bbox 653 1414 714 1459; x_wconf 91' lang='lat' dir='ltr'><strong>uon</strong></span> <span class='ocrx_word' id='word_1_82' title='bbox 739 1396 816 1459; x_wconf 92' lang='lat' dir='ltr'><strong>enim</strong></span> <span class='ocrx_word' id='word_1_83' title='bbox 839 1401 938 1478; x_wconf 84' lang='lat' dir='ltr'><strong>potest</strong></span> <span class='ocrx_word' id='word_1_84' title='bbox 960 1395 1128 1462; x_wconf 90' lang='lat' dir='ltr'><strong>membrum</strong></span> <span class='ocrx_word' id='word_1_85' title='bbox 1147 1393 1185 1458; x_wconf 93' lang='lat' dir='ltr'><strong>de</strong></span> 
     </span>
     <span class='ocr_line' id='line_1_11' title="bbox 84 1508 1184 1592; baseline 0.002 -21"><span class='ocrx_word' id='word_1_86' title='bbox 84 1509 218 1572; x_wconf 91' lang='lat' dir='ltr'><strong>membro</strong></span> <span class='ocrx_word' id='word_1_87' title='bbox 241 1508 359 1572; x_wconf 89' lang='lat' dir='ltr'><strong>dicere:</strong></span> <span class='ocrx_word' id='word_1_88' title='bbox 388 1511 455 1573; x_wconf 93' lang='lat' dir='ltr'><strong>Non</strong></span> <span class='ocrx_word' id='word_1_89' title='bbox 481 1518 527 1573; x_wconf 97' lang='grc' dir='ltr'><strong>εει</strong></span> <span class='ocrx_word' id='word_1_90' title='bbox 549 1511 619 1573; x_wconf 91' lang='lat' dir='ltr'><strong>mihi</strong></span> <span class='ocrx_word' id='word_1_91' title='bbox 641 1511 854 1592; x_wconf 88' lang='lat' dir='ltr'><strong>necessarium.</strong></span> <span class='ocrx_word' id='word_1_92' title='bbox 899 1509 1087 1583; x_wconf 79' lang='lat' dir='ltr'><strong>Quinetiam</strong></span> <span class='ocrx_word' id='word_1_93' title='bbox 1110 1510 1184 1590; x_wconf 82' lang='lat' dir='ltr'><strong>ipsa,</strong></span> 
     </span>
     <span class='ocr_line' id='line_1_12' title="bbox 83 1622 1185 1704; baseline 0.002 -21"><span class='ocrx_word' id='word_1_94' title='bbox 83 1641 161 1702; x_wconf 85' lang='lat' dir='ltr'><strong>quae</strong></span> <span class='ocrx_word' id='word_1_95' title='bbox 194 1623 332 1686; x_wconf 87' lang='lat' dir='ltr'><strong>ridentur</strong></span> <span class='ocrx_word' id='word_1_96' title='bbox 364 1622 524 1686; x_wconf 80' lang='lat' dir='ltr'><strong>infirmiora</strong></span> <span class='ocrx_word' id='word_1_97' title='bbox 554 1624 683 1686; x_wconf 90' lang='lat' dir='ltr'><strong>membra</strong></span> <span class='ocrx_word' id='word_1_98' title='bbox 715 1640 801 1702; x_wconf 90' lang='lat' dir='ltr'><strong>esse,</strong></span> <span class='ocrx_word' id='word_1_99' title='bbox 834 1622 1044 1704; x_wconf 84' lang='lat' dir='ltr'><strong>multomagis</strong></span> <span class='ocrx_word' id='word_1_100' title='bbox 1071 1636 1185 1685; x_wconf 73' lang='lat' dir='ltr'><strong>mecce-</strong></span> 
     </span>
     <span class='ocr_line' id='line_1_13' title="bbox 82 1735 1183 1817; baseline -0.001 -20"><span class='ocrx_word' id='word_1_101' title='bbox 82 1735 159 1798; x_wconf 91' lang='lat' dir='ltr'><strong>saria</strong></span> <span class='ocrx_word' id='word_1_102' title='bbox 183 1742 251 1799; x_wconf 91' lang='lat' dir='ltr'><strong>sunt</strong></span> <span class='ocrx_word' id='word_1_103' title='bbox 274 1741 303 1798; x_wconf 90' lang='lat' dir='ltr'><strong>et</strong></span> <span class='ocrx_word' id='word_1_104' title='bbox 325 1735 467 1799; x_wconf 88' lang='lat' dir='ltr'><strong>maiorem</strong></span> <span class='ocrx_word' id='word_1_105' title='bbox 497 1736 672 1817; x_wconf 76' lang='lat' dir='ltr'><strong>plerumque</strong></span> <span class='ocrx_word' id='word_1_106' title='bbox 700 1736 802 1798; x_wconf 90' lang='lat' dir='ltr'><strong>tuendi</strong></span> <span class='ocrx_word' id='word_1_107' title='bbox 826 1753 861 1797; x_wconf 91' lang='lat' dir='ltr'><strong>se</strong></span> <span class='ocrx_word' id='word_1_108' title='bbox 883 1735 1038 1816; x_wconf 87' lang='lat' dir='ltr'><strong>requirunt</strong></span> <span class='ocrx_word' id='word_1_109' title='bbox 1068 1735 1183 1798; x_wconf 90' lang='lat' dir='ltr'><strong>sollici-</strong></span> 
     </span>
     <span class='ocr_line' id='line_1_14' title="bbox 84 1847 1183 1930; baseline -0.001 -20"><span class='ocrx_word' id='word_1_110' title='bbox 84 1847 225 1911; x_wconf 89' lang='lat' dir='ltr'><strong>tudinem.</strong></span> <span class='ocrx_word' id='word_1_111' title='bbox 269 1848 353 1912; x_wconf 87' lang='lat' dir='ltr'><strong>Etsi</strong></span> <span class='ocrx_word' id='word_1_112' title='bbox 376 1851 445 1930; x_wconf 86' lang='lat' dir='ltr'><strong>quid</strong></span> <span class='ocrx_word' id='word_1_113' title='bbox 479 1851 560 1913; x_wconf 86' lang='lat' dir='ltr'><strong>dotet</strong></span> <span class='ocrx_word' id='word_1_114' title='bbox 590 1851 754 1912; x_wconf 89' lang='lat' dir='ltr'><strong>membrum</strong></span> <span class='ocrx_word' id='word_1_115' title='bbox 783 1868 892 1929; x_wconf 90' lang='lat' dir='ltr'><strong>unum,</strong></span> <span class='ocrx_word' id='word_1_116' title='bbox 924 1849 1132 1929; x_wconf 88' lang='lat' dir='ltr'><strong>conpatiuntur</strong></span> <span class='ocrx_word' id='word_1_117' title='bbox 1155 1848 1183 1911; x_wconf 93' lang='lat' dir='ltr'><strong>ei</strong></span> 
     </span>
     <span class='ocr_line' id='line_1_15' title="bbox 81 1961 343 2027; baseline -0.004 -3"><span class='ocrx_word' id='word_1_118' title='bbox 81 1961 213 2024; x_wconf 91' lang='lat' dir='ltr'><strong>membra</strong></span> <span class='ocrx_word' id='word_1_119' title='bbox 237 1961 343 2027; x_wconf 90' lang='lat' dir='ltr'><strong>omnia.</strong></span> 
     </span>
    </p>

    <p class='ocr_par' dir='ltr' id='par_1_4' title="bbox 63 2071 1182 3859">
     <span class='ocr_line' id='line_1_16' title="bbox 172 2071 1182 2158; baseline 0.001 -22"><span class='ocrx_word' id='word_1_120' title='bbox 172 2071 220 2138; x_wconf 81' lang='lat'><strong>19.</strong></span> <span class='ocrx_word' id='word_1_121' title='bbox 265 2073 350 2137; x_wconf 89' lang='lat' dir='ltr'><strong>Unde</strong></span> <span class='ocrx_word' id='word_1_122' title='bbox 374 2092 461 2156; x_wconf 91' lang='lat' dir='ltr'><strong>quam</strong></span> <span class='ocrx_word' id='word_1_123' title='bbox 483 2094 578 2158; x_wconf 85' lang='lat' dir='ltr'><strong>grave</strong></span> <span class='ocrx_word' id='word_1_124' title='bbox 601 2082 646 2138; x_wconf 90' lang='lat' dir='ltr'><strong>est</strong></span> <span class='ocrx_word' id='word_1_125' title='bbox 665 2081 697 2138; x_wconf 92' lang='lat' dir='ltr'><strong>ut</strong></span> <span class='ocrx_word' id='word_1_126' title='bbox 720 2074 910 2139; x_wconf 81' lang='lat' dir='ltr'><strong>detrahamus</strong></span> <span class='ocrx_word' id='word_1_127' title='bbox 933 2073 1041 2156; x_wconf 88' lang='lat' dir='ltr'><strong>aliquid</strong></span> <span class='ocrx_word' id='word_1_128' title='bbox 1064 2075 1110 2153; x_wconf 90' lang='lat' dir='ltr'><strong>ei,</strong></span> <span class='ocrx_word' id='word_1_129' title='bbox 1134 2075 1182 2137; x_wconf 91' lang='lat' dir='ltr'><strong>cui</strong></span> 
     </span>
     <span class='ocr_line' id='line_1_17' title="bbox 81 2189 1181 2270; baseline 0.001 -20"><span class='ocrx_word' id='word_1_130' title='bbox 81 2204 137 2250; x_wconf 92' lang='lat' dir='ltr'><strong>uos</strong></span> <span class='ocrx_word' id='word_1_131' title='bbox 160 2189 278 2269; x_wconf 83' lang='lat' dir='ltr'><strong>compati</strong></span> <span class='ocrx_word' id='word_1_132' title='bbox 302 2194 437 2270; x_wconf 91' lang='lat' dir='ltr'><strong>oportet,</strong></span> <span class='ocrx_word' id='word_1_133' title='bbox 461 2198 491 2252; x_wconf 92' lang='lat' dir='ltr'><strong>et</strong></span> <span class='ocrx_word' id='word_1_134' title='bbox 514 2191 561 2252; x_wconf 91' lang='lat' dir='ltr'><strong>cui</strong></span> <span class='ocrx_word' id='word_1_135' title='bbox 584 2189 728 2252; x_wconf 91' lang='lat' dir='ltr'><strong>debemus</strong></span> <span class='ocrx_word' id='word_1_136' title='bbox 752 2191 936 2253; x_wconf 73' lang='lat' dir='ltr'><strong>consortium</strong></span> <span class='ocrx_word' id='word_1_137' title='bbox 959 2189 1128 2268; x_wconf 89' lang='lat' dir='ltr'><strong>ministerii,</strong></span> <span class='ocrx_word' id='word_1_138' title='bbox 1153 2190 1181 2251; x_wconf 91' lang='lat' dir='ltr'><strong>ei</strong></span> 
     </span>
     <span class='ocr_line' id='line_1_18' title="bbox 80 2300 1181 2384; baseline 0.002 -21"><span class='ocrx_word' id='word_1_139' title='bbox 80 2300 179 2364; x_wconf 80' lang='lat' dir='ltr'><strong>fraudi</strong></span> <span class='ocrx_word' id='word_1_140' title='bbox 201 2307 231 2363; x_wconf 91' lang='lat' dir='ltr'><strong>et</strong></span> <span class='ocrx_word' id='word_1_141' title='bbox 252 2319 351 2365; x_wconf 86' lang='lat' dir='ltr'><strong>noxae</strong></span> <span class='ocrx_word' id='word_1_142' title='bbox 374 2303 491 2365; x_wconf 83' lang='lat' dir='ltr'><strong>simus?</strong></span> <span class='ocrx_word' id='word_1_143' title='bbox 535 2303 615 2366; x_wconf 89' lang='lat' dir='ltr'><strong>Haec</strong></span> <span class='ocrx_word' id='word_1_144' title='bbox 637 2304 739 2384; x_wconf 85' lang='lat' dir='ltr'><strong>utique</strong></span> <span class='ocrx_word' id='word_1_145' title='bbox 770 2303 821 2366; x_wconf 87' lang='lat' dir='ltr'><strong>lex</strong></span> <span class='ocrx_word' id='word_1_146' title='bbox 852 2311 977 2367; x_wconf 91' lang='lat' dir='ltr'><strong>naturae</strong></span> <span class='ocrx_word' id='word_1_147' title='bbox 1006 2308 1069 2382; x_wconf 86' lang='lat' dir='ltr'><strong>est,</strong></span> <span class='ocrx_word' id='word_1_148' title='bbox 1104 2319 1181 2383; x_wconf 86' lang='lat' dir='ltr'><strong>quae</strong></span> 
     </span>
     <span class='ocr_line' id='line_1_19' title="bbox 80 2411 1181 2496; baseline 0.004 -23"><span class='ocrx_word' id='word_1_149' title='bbox 80 2429 136 2474; x_wconf 91' lang='lat' dir='ltr'><strong>nos</strong></span> <span class='ocrx_word' id='word_1_150' title='bbox 161 2411 198 2474; x_wconf 88' lang='lat' dir='ltr'><strong>ad</strong></span> <span class='ocrx_word' id='word_1_151' title='bbox 221 2430 339 2479; x_wconf 89' lang='lat' dir='ltr'><strong>omnem</strong></span> <span class='ocrx_word' id='word_1_152' title='bbox 367 2415 485 2496; x_wconf 87' lang='lat' dir='ltr'><strong>stringit</strong></span> <span class='ocrx_word' id='word_1_153' title='bbox 512 2413 740 2494; x_wconf 91' lang='lat' dir='ltr'><strong>humanitatem,</strong></span> <span class='ocrx_word' id='word_1_154' title='bbox 772 2422 803 2476; x_wconf 92' lang='lat' dir='ltr'><strong>ut</strong></span> <span class='ocrx_word' id='word_1_155' title='bbox 826 2415 1005 2478; x_wconf 90' lang='lat' dir='ltr'><strong>alteralteri</strong></span> <span class='ocrx_word' id='word_1_156' title='bbox 1033 2422 1181 2496; x_wconf 83' lang='lat' dir='ltr'><strong>tamquam</strong></span> 
     </span>
     <span class='ocr_line' id='line_1_20' title="bbox 79 2525 1181 2606; baseline 0 -18"><span class='ocrx_word' id='word_1_157' title='bbox 79 2526 169 2588; x_wconf 87' lang='lat' dir='ltr'><strong>unius</strong></span> <span class='ocrx_word' id='word_1_158' title='bbox 199 2531 299 2606; x_wconf 82' lang='lat' dir='ltr'><strong>partes</strong></span> <span class='ocrx_word' id='word_1_159' title='bbox 329 2526 467 2606; x_wconf 87' lang='lat' dir='ltr'><strong>corporis</strong></span> <span class='ocrx_word' id='word_1_160' title='bbox 496 2525 623 2589; x_wconf 87' lang='lat' dir='ltr'><strong>invicem</strong></span> <span class='ocrx_word' id='word_1_161' title='bbox 653 2525 831 2590; x_wconf 87' lang='lat' dir='ltr'><strong>deferamus.</strong></span> <span class='ocrx_word' id='word_1_162' title='bbox 874 2527 938 2591; x_wconf 89' lang='lat' dir='ltr'><strong>Nec</strong></span> <span class='ocrx_word' id='word_1_163' title='bbox 967 2525 1181 2590; x_wconf 90' lang='lat' dir='ltr'><strong>detrahendum</strong></span> 
     </span>
     <span class='ocr_line' id='line_1_21' title="bbox 80 2640 1179 2724; baseline 0.002 -24"><span class='ocrx_word' id='word_1_164' title='bbox 80 2640 236 2721; x_wconf 87' lang='lat' dir='ltr'><strong>quicquam</strong></span> <span class='ocrx_word' id='word_1_165' title='bbox 261 2644 413 2720; x_wconf 87' lang='lat' dir='ltr'><strong>putemus,</strong></span> <span class='ocrx_word' id='word_1_166' title='bbox 441 2658 507 2702; x_wconf 86' lang='lat' dir='ltr'><strong>curn</strong></span> <span class='ocrx_word' id='word_1_167' title='bbox 530 2648 633 2703; x_wconf 89' lang='lat' dir='ltr'><strong>contra</strong></span> <span class='ocrx_word' id='word_1_168' title='bbox 656 2648 780 2704; x_wconf 90' lang='lat' dir='ltr'><strong>naturae</strong></span> <span class='ocrx_word' id='word_1_169' title='bbox 802 2641 901 2724; x_wconf 89' lang='lat' dir='ltr'><strong>legem</strong></span> <span class='ocrx_word' id='word_1_170' title='bbox 923 2643 961 2704; x_wconf 89' lang='lat' dir='ltr'><strong>sit</strong></span> <span class='ocrx_word' id='word_1_171' title='bbox 984 2659 1045 2703; x_wconf 91' lang='lat' dir='ltr'><strong>non</strong></span> <span class='ocrx_word' id='word_1_172' title='bbox 1067 2641 1179 2702; x_wconf 89' lang='lat' dir='ltr'><strong>iuvare.</strong></span> 
     </span>
     <span class='ocr_line' id='line_1_22' title="bbox 80 2752 1181 2830; baseline -0.003 -13"><span class='ocrx_word' id='word_1_173' title='bbox 80 2753 130 2818; x_wconf 90' lang='lat' dir='ltr'><strong>Sic</strong></span> <span class='ocrx_word' id='word_1_174' title='bbox 153 2753 231 2814; x_wconf 91' lang='lat' dir='ltr'><strong>enim</strong></span> <span class='ocrx_word' id='word_1_175' title='bbox 255 2753 418 2830; x_wconf 87' lang='lat' dir='ltr'><strong>nascimur,</strong></span> <span class='ocrx_word' id='word_1_176' title='bbox 443 2757 475 2814; x_wconf 90' lang='lat' dir='ltr'><strong>ut</strong></span> <span class='ocrx_word' id='word_1_177' title='bbox 496 2755 682 2816; x_wconf 89' lang='lat' dir='ltr'><strong>consentiant</strong></span> <span class='ocrx_word' id='word_1_178' title='bbox 704 2755 834 2817; x_wconf 89' lang='lat' dir='ltr'><strong>membra</strong></span> <span class='ocrx_word' id='word_1_179' title='bbox 858 2754 996 2816; x_wconf 89' lang='lat' dir='ltr'><strong>membris</strong></span> <span class='ocrx_word' id='word_1_180' title='bbox 1013 2759 1042 2815; x_wconf 92' lang='lat' dir='ltr'><strong>et</strong></span> <span class='ocrx_word' id='word_1_181' title='bbox 1057 2752 1181 2815; x_wconf 87' lang='lat' dir='ltr'><strong>alterum</strong></span> 
     </span>
     <span class='ocr_line' id='line_1_23' title="bbox 79 2865 1180 2948; baseline 0.001 -18"><span class='ocrx_word' id='word_1_182' title='bbox 79 2867 164 2947; x_wconf 84' lang='lat' dir='ltr'><strong>alteri</strong></span> <span class='ocrx_word' id='word_1_183' title='bbox 187 2865 348 2929; x_wconf 89' lang='lat' dir='ltr'><strong>adhaereat</strong></span> <span class='ocrx_word' id='word_1_184' title='bbox 370 2873 400 2929; x_wconf 91' lang='lat' dir='ltr'><strong>et</strong></span> <span class='ocrx_word' id='word_1_185' title='bbox 422 2868 627 2948; x_wconf 85' lang='lat' dir='ltr'><strong>obsequantur</strong></span> <span class='ocrx_word' id='word_1_186' title='bbox 656 2869 714 2932; x_wconf 91' lang='lat' dir='ltr'><strong>sibi</strong></span> <span class='ocrx_word' id='word_1_187' title='bbox 742 2874 842 2930; x_wconf 92' lang='lat' dir='ltr'><strong>mutuo</strong></span> <span class='ocrx_word' id='word_1_188' title='bbox 873 2868 1045 2932; x_wconf 90' lang='lat' dir='ltr'><strong>ministerio.</strong></span> <span class='ocrx_word' id='word_1_189' title='bbox 1091 2865 1180 2942; x_wconf 77' lang='lat' dir='ltr'><strong>Quod</strong></span> 
     </span>
     <span class='ocr_line' id='line_1_24' title="bbox 79 2979 1181 3063; baseline 0.002 -21"><span class='ocrx_word' id='word_1_190' title='bbox 79 2982 106 3043; x_wconf 89' lang='lat' dir='ltr'><strong>si</strong></span> <span class='ocrx_word' id='word_1_191' title='bbox 134 2998 225 3042; x_wconf 91' lang='lat' dir='ltr'><strong>unum</strong></span> <span class='ocrx_word' id='word_1_192' title='bbox 258 2980 335 3042; x_wconf 88' lang='lat' dir='ltr'><strong>desit</strong></span> <span class='ocrx_word' id='word_1_193' title='bbox 369 2979 470 3042; x_wconf 79' lang='lat' dir='ltr'><strong>cilicio</strong></span> <span class='ocrx_word' id='word_1_194' title='bbox 501 2999 574 3060; x_wconf 92' lang='lat' dir='ltr'><strong>suo,</strong></span> <span class='ocrx_word' id='word_1_195' title='bbox 608 2981 797 3063; x_wconf 82' lang='lat' dir='ltr'><strong>impediantur</strong></span> <span class='ocrx_word' id='word_1_196' title='bbox 831 2988 947 3060; x_wconf 90' lang='lat' dir='ltr'><strong>cetera,</strong></span> <span class='ocrx_word' id='word_1_197' title='bbox 980 2988 1013 3044; x_wconf 92' lang='lat' dir='ltr'><strong>ut</strong></span> <span class='ocrx_word' id='word_1_198' title='bbox 1040 2983 1066 3045; x_wconf 90' lang='lat' dir='ltr'><strong>si</strong></span> <span class='ocrx_word' id='word_1_199' title='bbox 1096 2987 1181 3046; x_wconf 91' lang='lat' dir='ltr'><strong>eruat</strong></span> 
     </span>
     <span class='ocr_line' id='line_1_25' title="bbox 79 3093 1179 3182; baseline 0.003 -26"><span class='ocrx_word' id='word_1_200' title='bbox 79 3093 197 3157; x_wconf 85' lang='lat' dir='ltr'><strong>oculum</strong></span> <span class='ocrx_word' id='word_1_201' title='bbox 220 3110 342 3172; x_wconf 90' lang='lat' dir='ltr'><strong>manus,</strong></span> <span class='ocrx_word' id='word_1_202' title='bbox 364 3110 466 3156; x_wconf 90' lang='lat' dir='ltr'><strong>nonne</strong></span> <span class='ocrx_word' id='word_1_203' title='bbox 487 3094 544 3156; x_wconf 90' lang='lat' dir='ltr'><strong>sibi</strong></span> <span class='ocrx_word' id='word_1_204' title='bbox 568 3096 670 3182; x_wconf 86' lang='lat' dir='ltr'><strong>operis</strong></span> <span class='ocrx_word' id='word_1_205' title='bbox 692 3096 740 3157; x_wconf 91' lang='lat' dir='ltr'><strong>sui</strong></span> <span class='ocrx_word' id='word_1_206' title='bbox 762 3112 848 3158; x_wconf 88' lang='lat' dir='ltr'><strong>usum</strong></span> <span class='ocrx_word' id='word_1_207' title='bbox 872 3095 1023 3177; x_wconf 81' lang='lat' dir='ltr'><strong>negavit?</strong></span> <span class='ocrx_word' id='word_1_208' title='bbox 1067 3096 1098 3162; x_wconf 86' lang='lat' dir='ltr'><strong>Si</strong></span> <span class='ocrx_word' id='word_1_209' title='bbox 1120 3114 1179 3177; x_wconf 78' lang='lat' dir='ltr'><strong>ue·</strong></span> 
     </span>
     <span class='ocr_line' id='line_1_26' title="bbox 79 3204 1180 3287; baseline -0.002 -19"><span class='ocrx_word' id='word_1_210' title='bbox 79 3206 147 3268; x_wconf 92' lang='lat' dir='ltr'><strong>dem</strong></span> <span class='ocrx_word' id='word_1_211' title='bbox 177 3207 331 3285; x_wconf 88' lang='lat' dir='ltr'><strong>vulneret,</strong></span> <span class='ocrx_word' id='word_1_212' title='bbox 364 3213 541 3286; x_wconf 89' lang='lat' dir='ltr'><strong>quantorum</strong></span> <span class='ocrx_word' id='word_1_213' title='bbox 575 3205 631 3267; x_wconf 90' lang='lat' dir='ltr'><strong>sibi</strong></span> <span class='ocrx_word' id='word_1_214' title='bbox 665 3211 782 3268; x_wconf 90' lang='lat' dir='ltr'><strong>actuum</strong></span> <span class='ocrx_word' id='word_1_215' title='bbox 814 3204 985 3287; x_wconf 85' lang='lat' dir='ltr'><strong>profectum</strong></span> <span class='ocrx_word' id='word_1_216' title='bbox 1015 3204 1180 3268; x_wconf 79' lang='lat' dir='ltr'><strong>inviderit?</strong></span> 
     </span>
     <span class='ocr_line' id='line_1_27' title="bbox 76 3319 1179 3403; baseline -0.004 -20"><span class='ocrx_word' id='word_1_217' title='bbox 76 3319 115 3383; x_wconf 84' lang='lat' dir='ltr'><strong>Et</strong></span> <span class='ocrx_word' id='word_1_218' title='bbox 137 3327 247 3400; x_wconf 86' lang='lat' dir='ltr'><strong>quanto</strong></span> <span class='ocrx_word' id='word_1_219' title='bbox 270 3321 392 3403; x_wconf 84' lang='lat' dir='ltr'><strong>gravius</strong></span> <span class='ocrx_word' id='word_1_220' title='bbox 416 3328 462 3383; x_wconf 91' lang='lat' dir='ltr'><strong>est</strong></span> <span class='ocrx_word' id='word_1_221' title='bbox 484 3327 577 3383; x_wconf 92' lang='lat' dir='ltr'><strong>totum</strong></span> <span class='ocrx_word' id='word_1_222' title='bbox 600 3319 767 3398; x_wconf 90' lang='lat' dir='ltr'><strong>bominem,</strong></span> <span class='ocrx_word' id='word_1_223' title='bbox 791 3339 879 3401; x_wconf 84' lang='lat' dir='ltr'><strong>quam</strong></span> <span class='ocrx_word' id='word_1_224' title='bbox 901 3338 993 3382; x_wconf 90' lang='lat' dir='ltr'><strong>uuum</strong></span> <span class='ocrx_word' id='word_1_225' title='bbox 1015 3319 1179 3381; x_wconf 88' lang='lat' dir='ltr'><strong>membrum</strong></span> 
     </span>
     <span class='ocr_line' id='line_1_28' title="bbox 76 3432 1178 3513; baseline -0.002 -18"><span class='ocrx_word' id='word_1_226' title='bbox 76 3432 220 3496; x_wconf 83' lang='lat' dir='ltr'><strong>detrahi?</strong></span> <span class='ocrx_word' id='word_1_227' title='bbox 263 3434 322 3496; x_wconf 89' lang='lat' dir='ltr'><strong>lam</strong></span> <span class='ocrx_word' id='word_1_228' title='bbox 345 3435 423 3497; x_wconf 92' lang='lat' dir='ltr'><strong>siin</strong></span> <span class='ocrx_word' id='word_1_229' title='bbox 447 3451 507 3498; x_wconf 89' lang='lat' dir='ltr'><strong>uuo</strong></span> <span class='ocrx_word' id='word_1_230' title='bbox 531 3434 665 3496; x_wconf 91' lang='lat' dir='ltr'><strong>membro</strong></span> <span class='ocrx_word' id='word_1_231' title='bbox 686 3438 781 3497; x_wconf 88' lang='lat' dir='ltr'><strong>toturn</strong></span> <span class='ocrx_word' id='word_1_232' title='bbox 804 3449 914 3513; x_wconf 89' lang='lat' dir='ltr'><strong>corpus</strong></span> <span class='ocrx_word' id='word_1_233' title='bbox 937 3433 1081 3512; x_wconf 88' lang='lat' dir='ltr'><strong>violatur,</strong></span> <span class='ocrx_word' id='word_1_234' title='bbox 1115 3432 1178 3493; x_wconf 92' lang='lat' dir='ltr'><strong>uti-</strong></span> 
     </span>
     <span class='ocr_line' id='line_1_29' title="bbox 76 3546 1178 3630; baseline -0.005 -18"><span class='ocrx_word' id='word_1_235' title='bbox 76 3564 138 3630; x_wconf 86' lang='lat' dir='ltr'><strong>quo</strong></span> <span class='ocrx_word' id='word_1_236' title='bbox 154 3549 266 3613; x_wconf 82' lang='lat' dir='ltr'><strong>inuno</strong></span> <span class='ocrx_word' id='word_1_237' title='bbox 283 3546 596 3619; x_wconf 68' lang='lat' dir='ltr'><strong>humbraeommunio</strong></span> <span class='ocrx_word' id='word_1_238' title='bbox 619 3549 710 3610; x_wconf 91' lang='lat' dir='ltr'><strong>totius</strong></span> <span class='ocrx_word' id='word_1_239' title='bbox 731 3546 919 3609; x_wconf 85' lang='lat' dir='ltr'><strong>humanitatis</strong></span> <span class='ocrx_word' id='word_1_240' title='bbox 942 3546 1084 3622; x_wconf 81' lang='lat' dir='ltr'><strong>solvitur3</strong></span> <span class='ocrx_word' id='word_1_241' title='bbox 1108 3546 1178 3608; x_wconf 91' lang='lat' dir='ltr'><strong>vio·</strong></span> 
     </span>
     <span class='ocr_line' id='line_1_30' title="bbox 63 3657 1177 3745; baseline -0.004 -20"><span class='ocrx_word' id='word_1_242' title='bbox 63 3662 155 3729; x_wconf 72' lang='lat' dir='ltr'><strong>taam</strong></span> <span class='ocrx_word' id='word_1_243' title='bbox 176 3668 283 3729; x_wconf 75' lang='lat' dir='ltr'><strong>natm</strong></span> <span class='ocrx_word' id='word_1_244' title='bbox 305 3661 429 3745; x_wconf 55' lang='lat' dir='ltr'><strong>macris</strong></span> <span class='ocrx_word' id='word_1_245' title='bbox 454 3661 574 3725; x_wconf 83' lang='lat' dir='ltr'><strong>humani</strong></span> <span class='ocrx_word' id='word_1_246' title='bbox 595 3666 625 3723; x_wconf 91' lang='lat' dir='ltr'><strong>et</strong></span> <span class='ocrx_word' id='word_1_247' title='bbox 646 3665 767 3725; x_wconf 88' lang='lat' dir='ltr'><strong>sanetae</strong></span> <span class='ocrx_word' id='word_1_248' title='bbox 789 3657 943 3721; x_wconf 86' lang='lat' dir='ltr'><strong>Ecclesiae</strong></span> <span class='ocrx_word' id='word_1_249' title='bbox 969 3659 1177 3740; x_wconf 87' lang='lat' dir='ltr'><strong>congregatio,</strong></span> 
     </span>
     <span class='ocr_line' id='line_1_31' title="bbox 75 3771 1178 3859; baseline -0.003 -20"><span class='ocrx_word' id='word_1_250' title='bbox 75 3794 156 3858; x_wconf 82' lang='lat' dir='ltr'><strong>quae</strong></span> <span class='ocrx_word' id='word_1_251' title='bbox 175 3777 214 3842; x_wconf 31' lang='lat' dir='ltr'><strong>iu,</strong></span> <span class='ocrx_word' id='word_1_252' title='bbox 229 3794 320 3841; x_wconf 86' lang='lat' dir='ltr'><strong>unum</strong></span> <span class='ocrx_word' id='word_1_253' title='bbox 349 3784 498 3841; x_wconf 69' lang='lat' dir='ltr'><strong>wuexum</strong></span> <span class='ocrx_word' id='word_1_254' title='bbox 521 3795 631 3859; x_wconf 90' lang='lat' dir='ltr'><strong>corpus</strong></span> <span class='ocrx_word' id='word_1_255' title='bbox 657 3782 746 3858; x_wconf 89' lang='lat' dir='ltr'><strong>atque</strong></span> <span class='ocrx_word' id='word_1_256' title='bbox 776 3778 952 3856; x_wconf 85' lang='lat' dir='ltr'><strong>conpactum</strong></span> <span class='ocrx_word' id='word_1_257' title='bbox 975 3774 1086 3835; x_wconf 88' lang='lat' dir='ltr'><strong>unitate</strong></span> <span class='ocrx_word' id='word_1_258' title='bbox 1108 3771 1178 3837; x_wconf 85' lang='lat' dir='ltr'><strong>fidei</strong></span> 
     </span>
    </p>
   </div>
   <div class='ocr_carea' id='block_1_3' title="bbox 149 4016 424 4087">
    <p class='ocr_par' dir='ltr' id='par_1_5' title="bbox 149 4016 424 4087">
     <span class='ocr_line' id='line_1_32' title="bbox 149 4016 424 4087; baseline 0.011 -19"><span class='ocrx_word' id='word_1_259' title='bbox 149 4018 177 4087; x_wconf 87' lang='grc'><strong>1)</strong></span> <span class='ocrx_word' id='word_1_260' title='bbox 197 4017 221 4072; x_wconf 86' lang='grc'><strong>1.</strong></span> <span class='ocrx_word' id='word_1_261' title='bbox 241 4017 299 4072; x_wconf 82' lang='lat' dir='ltr'><strong>Cor.</strong></span> <span class='ocrx_word' id='word_1_262' title='bbox 320 4018 362 4084; x_wconf 86' lang='lat'><strong>12,</strong></span> <span class='ocrx_word' id='word_1_263' title='bbox 383 4016 424 4071; x_wconf 85' lang='lat'><strong>17.</strong></span> 
     </span>
    </p>
   </div>
   <div class='ocr_carea' id='block_1_4' title="bbox 0 0 1350 4666">
    <p class='ocr_par' dir='ltr' id='par_1_6' title="bbox 0 0 1350 4666">
     <span class='ocr_line' id='line_1_33' title="bbox 0 0 1350 4666; baseline 0 2"><span class='ocrx_word' id='word_1_264' title='bbox 0 0 1350 4666; x_wconf 95' lang='lat' dir='ltr'><strong> </strong></span> 
     </span>
    </p>
   </div>
  </div>
 </body>
</html>
