2692 4666
333 349 379 404 llll
398 346 534 404 osrlctts
555 345 778 401 uttttsrnottult
795 344 892 400 braun
909 346 929 400 1.
1134 346 1175 408 99

86 509 267 591 praecelsa?
310 511 426 575 Deinde
448 518 481 574 ut
500 511 637 575 iudicium
659 517 741 573 tuum
765 510 860 572 stabili
883 509 998 571 ratione
1021 507 1180 570 confirmes

86 629 119 686 et
141 640 220 706 quae
241 623 420 689 indicaveris
443 623 522 686 levia
545 630 691 703 tanquam
714 622 785 685 nihil
806 619 961 704 protutura
984 619 1181 684 contemnas?

85 737 201 801 Deinde
223 743 256 801 ut
278 739 304 802 si
328 738 398 820 quid
429 737 570 800 acciderit
601 736 720 799 adversi
748 736 836 817 idque
867 754 960 820 grave
992 742 1021 798 et
1043 737 1181 798 acerbum

86 858 223 935 putetur,
256 853 297 915 ita
327 853 424 933 feras,
455 859 488 915 ut
512 851 583 914 nihil
613 859 733 932 praeter
756 859 889 914 naturam
913 851 1057 915 accidisse
1086 858 1183 934 putea,

87 991 154 1036 cum
175 971 303 1056 legeris:
322 969 352 1055 ¹)
375 969 486 1032 Nudus
509 988 576 1030 aum
598 975 709 1044 notua,
734 968 837 1029 nudus
861 965 963 1028 eaibo.
1013 965 1098 1040 Quae
1122 968 1184 1031 do-

86 1086 192 1148 minus
223 1086 326 1162 dedit,
357 1084 500 1146 dominae
533 1082 662 1145 obstulit
692 1079 814 1165 (utique
844 1086 874 1144 et
895 1081 970 1143 lilios
997 1081 1134 1143 amiserat
1156 1088 1186 1143 et

88 1196 279 1282 facultates),
304 1215 471 1280 servesque
494 1199 525 1261 in
548 1197 684 1260 omnibus
707 1213 866 1276 personam
892 1195 1033 1275 sapientis
1057 1201 1087 1256 et
1108 1195 1185 1275 iusti,

88 1313 167 1377 sicut
180 1313 230 1376 ille
246 1312 392 1390 servavit,
409 1311 458 1393 qui
477 1312 532 1373 ait:
549 1306 582 1392 θ)
606 1308 694 1370 Sicut
711 1308 836 1372 domiuo
850 1307 981 1385 placuit,
1006 1307 1052 1368 ita
1068 1308 1187 1386 foetum

89 1433 156 1500 eat,·
188 1426 232 1487 sit
256 1442 368 1488 nomen
398 1423 513 1486 domini
543 1421 756 1493 benedictum
790 1426 819 1482 et
840 1419 932 1481 inira:
949 1415 981 1502 ³)
1010 1420 1099 1482 Sicut
1123 1439 1189 1483 ααα

89 1540 305 1622 insipientium
337 1537 498 1599 mulierum
531 1537 636 1599 locuto
666 1555 708 1597 es.
753 1533 788 1594 st
817 1535 900 1598 bono
930 1535 1120 1613 suscepimus
1152 1534 1189 1596 dc

91 1668 187 1715 mona
209 1650 347 1728 domiai,
370 1667 449 1731 guae
471 1649 556 1711 molo
577 1654 668 1725 suat,
691 1667 754 1712 oon
775 1647 1018 1711 sustinebimus?

464 1920 634 1989 CAPUT
667 1919 828 1992 XXXIX.

95 2087 280 2142 Fortitudinem
298 2087 421 2142 adversus
440 2090 524 2141 omnia
542 2090 604 2140 vitia
624 2089 745 2143 dimicare
772 2089 888 2157 debere,
915 2092 1052 2161 praecipue
1070 2088 1192 2147 adversus

297 2178 443 2244 avaritiam,
462 2177 531 2247 quod
549 2178 576 2228 in
594 2185 682 2230 sancto
700 2178 746 2230 lob
765 2180 872 2231 docetur
889 2178 990 2234 lactum.

191 2334 263 2402 193.
306 2337 375 2401 Non
406 2346 453 2401 est
479 2338 570 2422 igitur
600 2337 773 2418 mediocris,
806 2358 862 2402 neo
894 2341 1022 2404 ducreta
1044 2362 1062 2405 a
1084 2345 1193 2407 ceteris

101 2450 190 2514 animi
211 2449 373 2532 fortitudo,
408 2471 484 2534 quae
507 2452 617 2516 bellurn
639 2470 705 2515 cum
728 2454 883 2517 virtutibus
905 2461 1009 2537 gerat,
1041 2457 1095 2519 sed
1118 2476 1194 2539 quae

103 2566 168 2630 sola
190 2564 330 2629 defendat
352 2570 524 2629 ornamenta
548 2566 688 2627 virtutum
711 2565 839 2628 omnium
860 2574 890 2629 et
910 2566 1016 2630 iudicia
1039 2569 1194 2652 custodiat,

103 2685 227 2760 atquae
251 2678 422 2761 inexpiabili
444 2676 559 2759 proelio
583 2677 728 2741 adversus
751 2681 848 2742 omnia
871 2681 940 2744 vitia
963 2682 1121 2764 decernat,
1144 2686 1195 2747 in-

102 2793 180 2857 uicta
204 2790 402 2872 adlabores,
433 2791 520 2855 tortis
542 2790 578 2855 ad
602 2792 752 2873 pericula,
785 2794 910 2877 rigidior
937 2797 1081 2862 adversus
1105 2800 1194 2863 volu-

103 2911 209 2989 ptates,
234 2906 307 2972 dura
323 2907 468 2970 adversus
484 2905 661 2985 inlecebras,
685 2908 791 2988 quibus
812 2927 913 2972 aurern
932 2909 1052 2974 deferre
1073 2915 1195 2994 nesciat,

104 3040 177 3101 nec,
209 3029 242 3084 ut
274 3021 397 3100 dicitur,
428 3020 501 3083 avet
536 3019 630 3100 dicat,
664 3023 819 3103 pecuniam
851 3024 1011 3109 neglegat,
1046 3028 1196 3090 avaritiam

104 3133 200 3220 fugiat
221 3142 367 3217 umquam
381 3134 476 3199 labem
492 3133 647 3217 quandam,
670 3153 746 3216 quae
767 3139 902 3200 virtutem
926 3137 1083 3202 effeminet.
1119 3141 1197 3206 Nihil

104 3249 184 3312 enirn
206 3257 268 3313 tam
288 3250 469 3314 contrarium
491 3248 666 3329 fortitudini,
689 3269 774 3331 quam
790 3252 874 3314 lucro
890 3251 976 3316 vinci.
1012 3252 1197 3336 Frequenter

104 3363 199 3447 pulsis
229 3364 383 3444 hostibus,
416 3364 555 3429 inclinata
577 3363 606 3427 in
628 3363 729 3448 lugam
755 3365 994 3430 adversariorum
1016 3368 1096 3447 acie,
1129 3367 1198 3432 dum

103 3477 223 3542 exuviis
245 3494 402 3542 merorum
423 3478 537 3560 capitur
566 3477 743 3558 proeliator,
767 3477 844 3541 inter
866 3479 965 3560 ipsos,
987 3496 1063 3560 quos
1085 3480 1197 3560 stravit,

104 3591 292 3658 miserandus
314 3592 463 3671 occubuit,
491 3597 521 3654 et
542 3591 695 3672 triumphis
718 3592 780 3654 suis
803 3592 937 3656 deiectae
958 3593 1105 3676 legiones,
1130 3592 1198 3656 dum

102 3707 209 3790 spoliis
231 3713 430 3789 occupantur,
453 3705 569 3769 hostem
590 3707 621 3768 in
643 3723 677 3768 se
699 3714 899 3786 revocarunt,
923 3707 974 3789 qui
996 3705 1122 3789 fugerat.

196 3813 267 3882 tut.
310 3815 463 3883 Fortitudo
493 3819 583 3901 igitur
614 3824 671 3879 tam
696 3817 842 3880 inmanem
869 3826 984 3899 pestern
1013 3820 1138 3902 repellat
1168 3826 1198 3883 et

105 3937 250 4016 proterat,
271 3948 330 3995 nec
345 3938 505 4014 temptetur
527 3929 744 4012 cupiditatibus,
767 3948 824 3993 uec
840 3930 995 4013 frangatur
1014 3941 1104 4015 metu,
1128 3935 1197 4017 quia

181 4169 210 4242 1)
225 4168 281 4227 roa,
300 4171 327 4240 1,
345 4172 388 4227 αα.
458 4174 487 4239 a)
506 4172 570 4226 uia.
641 4173 671 4244 a)
688 4171 752 4226 ura
770 4171 798 4240 a,
820 4172 857 4226 lo.

936 4267 991 4337 ’μ
