2692 4666
626 323 652 378 S.
670 322 826 378 nonnoso

545 517 718 586 CAPUT
746 518 907 587 XXXVI.

177 679 343 734 Fortitudinis
361 681 472 734 officium
490 681 559 734 aliud
578 699 643 749 esse,
662 693 690 736 ut
707 686 821 737 iniuriam
838 701 853 736 a
870 683 990 736 debiliori
1008 682 1184 751 depellamns3
1202 682 1279 750 aliud,

178 776 204 817 ut
218 782 267 817 non
280 775 364 818 rectos
383 770 460 819 animi
477 778 560 820 motus
579 784 758 834 coerceamus3
777 771 844 822 aliud
863 771 965 821 demum
986 779 1047 837 tum,
1068 780 1096 823 ut
1114 787 1279 840 aspernemur

178 852 1342 926 mmmmmmmmmmmmmmmmwmm·

178 941 279 1008 quidem
299 941 460 1009 Christianis,
486 944 532 996 sed
550 945 709 1011 potissimum
727 944 758 995 ab
778 945 958 998 ecelesiasticis
976 946 1037 998 viris
1054 946 1209 1013 praestanda
1229 945 1278 998 de·

635 1041 814 1085 mmmm

268 1171 338 1238 179.
384 1173 452 1236 Non
476 1174 565 1256 igitur
587 1173 618 1235 in
640 1173 752 1236 viribus
788 1175 925 1255 corporis
949 1181 979 1236 et
999 1174 1121 1237 lacertis
1144 1179 1277 1237 tantum-

177 1286 268 1351 modo
291 1287 471 1351 lortitndinis
494 1287 591 1369 gloria
612 1294 668 1366 est,
690 1286 745 1351 sed
765 1288 860 1370 magis
876 1289 905 1350 in
921 1287 1031 1350 virtute
1049 1289 1138 1350 animi
1145 1309 1155 1365 3
1177 1306 1278 1369 neque

176 1401 207 1463 in
229 1399 402 1480 inferenda,
432 1400 539 1464 sedin
562 1401 737 1482 depellenda
767 1401 873 1466 iniuria
902 1402 954 1464 lex
977 1401 1094 1464 virtutis
1119 1407 1171 1464 est.
1220 1402 1278 1475 Oui

100 1538 103 1543 ·
178 1515 256 1577 enim
278 1532 340 1577 nou
361 1515 512 1595 repellite
528 1516 612 1578 socio
636 1516 782 1594 iniuriam,
805 1516 832 1578 si
853 1521 970 1597 potest,
995 1523 1052 1578 tarn
1076 1520 1122 1577 est
1140 1515 1171 1577 in
1192 1514 1277 1594 vitio,

178 1646 264 1708 quarn
288 1626 357 1707 ille,
388 1629 439 1710 qui
462 1629 539 1692 lacit.
585 1627 670 1691 Unde
692 1635 813 1692 sanctus
837 1629 961 1712 Moyses
983 1628 1053 1691 binc
1077 1629 1159 1709 prius
1188 1644 1277 1690 orsus

153 1737 223 1803 'est
245 1745 452 1820 temptamenta
479 1741 603 1804 bellicae
636 1740 826 1803 fortitudinis.
871 1740 1035 1803 Nemeum
1061 1740 1188 1803 vidisset
1211 1741 1277 1804 lle-

176 1856 298 1917 braeum
328 1854 364 1917 ab
387 1853 539 1936 Aegyptio
569 1853 703 1915 iniuriam
738 1852 953 1933 accipientem,
990 1851 1123 1915 defendit
1155 1851 1211 1930 ita,
1245 1858 1278 1915 ut

175 1967 357 2052 Aegyptium
379 1972 528 2030 sterneret
544 1972 633 2049 atque
649 1967 679 2028 in
698 1966 810 2028 harena
833 1965 1041 2027 absconderet.
1059 1962 1089 2047 ¹)
1135 1964 1277 2029 Salomon

176 2099 297 2162 quoque
319 2081 374 2143 ait:
391 2077 423 2162 ²)
448 2080 545 2158 lirina
569 2099 651 2156 eam,
676 2079 729 2159 qai
751 2079 876 2145 dacitnr
899 2079 942 2140 ad
963 2086 1098 2141 mortem.

264 2190 336 2257 loo.
382 2191 466 2256 Unde
498 2194 588 2274 igitur
618 2193 676 2255 hoc
708 2192 753 2254 vel
783 2192 896 2254 Tullius
929 2192 977 2254 vel
1010 2191 1096 2253 etiam
1118 2191 1276 2255 Panaetius

174 2314 225 2370 ant
254 2307 320 2387 ipse
341 2303 520 2369 Aristoteles
552 2303 772 2381 transtulerint,
805 2310 939 2383 apertum
963 2307 1009 2364 est
1031 2302 1111 2363 satis.
1158 2290 1274 2375 Onam·
1334 2292 1340 2307 '

174 2434 262 2496 quam
284 2417 372 2478 etiam
395 2417 441 2477 bis
464 2413 581 2476 duobus
603 2414 752 2494 antiquior
780 2413 888 2475 dixerit
910 2412 979 2475 Iob:
997 2409 1029 2496 ³)
1060 2414 1187 2477 Salvam
1208 2414 1274 2492 [eci

170 2548 343 2608 pauperem
375 2529 414 2590 da
436 2546 529 2590 mana
557 2528 694 2607 potentis
719 2536 749 2589 et
766 2528 937 2607 papillam,
972 2528 1022 2590 cai
1052 2530 1180 2592 adiutor
1208 2548 1274 2592 non

174 2651 262 2720 crat,
291 2642 410 2704 adiuvi.
455 2640 635 2703 Benedictio
655 2642 791 2721 perituri
814 2641 848 2701 in
869 2659 917 2702 ma
938 2640 1051 2703 veniat.
1097 2640 1205 2706 Nonne
1225 2641 1273 2705 bic

174 2755 370 2834 fortissimus,
399 2756 450 2834 qui
481 2762 540 2816 tem
571 2755 690 2817 fortiter
719 2753 839 2835 pertulit
870 2754 996 2835 impetus
1019 2753 1129 2818 diaboli
1151 2762 1181 2817 et
1203 2757 1274 2818 vicit

175 2887 243 2931 eum
265 2869 376 2930 vntute
407 2869 515 2932 mentis
544 2869 645 2931 sune?
689 2867 795 2948 Neque
826 2884 900 2929 vero
925 2867 962 2929 de
985 2867 1051 2930 eius
1081 2866 1272 2946 dubitandum

174 2980 363 3060 fortitudine,
392 2981 441 3043 eui
470 2979 540 3042 dicit
570 2979 721 3042 dominus:
739 2974 772 3060 ⁴)
801 2976 936 3060 Aacinqe
962 2979 1045 3040 sicat
1070 2979 1120 3041 eir
1151 2979 1273 3043 lambos

174 3100 260 3170 taos,
283 3069 411 3171 mactae
430 3093 625 3156 altitudinem
641 3099 672 3154 et
685 3093 846 3163 virtatem3
870 3109 986 3153 omnem
1010 3100 1110 3154 antem
1133 3093 1271 3156 iniurio-

172 3224 239 3270 sam
261 3207 432 3269 humiliato.
471 3204 635 3285 Apostolus
653 3220 773 3284 quoque
789 3201 844 3264 ait:
859 3198 891 3284 ⁵)
913 3201 1043 3264 Habetis
1064 3201 1273 3279 fortbsimam

174 3320 430 3384 consolationem.
476 3316 529 3382 Est
552 3335 627 3401 crgo
650 3316 736 3379 fortis
759 3316 810 3396 qui
832 3331 866 3383 te
888 3315 919 3378 in
941 3314 1048 3379 dolore
1071 3315 1169 3396 aliquo
1194 3334 1272 3380 oon-

172 3434 295 3497 solatur.

263 3543 334 3611 181.
378 3545 415 3606 Et
429 3562 464 3607 re
479 3563 551 3607 vera
567 3545 632 3607 iure
648 3563 684 3607 ea
700 3542 843 3606 fortitudo
866 3546 1007 3620 vocatur,
1030 3542 1150 3623 quando
1172 3561 1272 3607 unus-

174 3661 300 3740 quisque
320 3675 354 3721 se
372 3658 468 3738 ipsum
490 3658 592 3737 vincit,
615 3658 688 3721 iram
712 3657 853 3734 continet,
876 3654 964 3717 nullis
987 3654 1147 3718 inlecebris
1171 3656 1272 3719 ernol-

172 3773 241 3837 litur
263 3782 352 3855 atque
375 3769 544 3849 inflectitur,
565 3789 627 3834 non
649 3772 785 3835 adversis
809 3769 1008 3851 perturbatur,
1035 3784 1096 3832 non
1119 3768 1272 3857 extollitur

242 4035 271 4102 1)
288 4037 369 4090 Exod.
388 4035 415 4103 2,
436 4033 465 4086 11
486 4049 558 4104 seqq.
645 4033 674 4099 2)
692 4031 766 4085 Prov.
785 4032 829 4099 24,
848 4032 889 4086 to.
979 4031 1007 4096 3)
1026 4030 1079 4085 lob.
1099 4031 1143 4097 29,
1163 4029 1199 4085 12
1214 4046 1270 4102 seq.

173 4123 203 4193 4)
221 4122 284 4177 lbid.
303 4123 347 4190 10,
366 4123 391 4176 2.
409 4122 425 4173 5
444 4137 498 4192 seq.
570 4121 598 4189 5)
617 4119 695 4174 llebr.
714 4120 740 4186 6,
759 4118 800 4171 18.
