2692 4666
175 339 218 406 42
618 339 644 394 s.
663 337 819 396 nunnosn

175 499 326 583 legentes:
352 501 390 564 Te
414 503 501 564 dccet
520 502 667 584 tymeus,
691 504 788 580 deus,
812 503 846 564 io
868 501 962 580 Sion,
985 504 1034 567 vel
1057 501 1187 569 Graece:
1211 500 1267 568 Σοὶ

175 607 293 700 πρέπει
321 604 414 695 ὕμνος
442 606 561 690 &dede
583 611 614 679 ἐν
636 613 722 680 Σιών.
743 614 771 701 ¹]
816 615 852 679 Et
882 617 1033 699 apostolus
1065 619 1120 682 ait:
1137 615 1169 703 ²)
1202 620 1266 684 Lo·

175 747 283 809 querc,
310 748 389 810 quac
411 732 651 795 decantandam
673 734 854 795 doctrinam.
899 731 935 793 Et
957 732 1041 795 alibi:
1059 729 1092 815 ³)
1128 733 1268 798 Docebat
1325 747 1328 757 ¹

175 850 274 905 autem
296 863 373 925 cum,
393 865 452 924 per
474 865 562 926 qoem
585 848 689 909 omnia
712 854 742 909 ct
758 854 889 927 propter
912 865 1000 928 quem
1021 847 1134 924 omnio,
1164 848 1268 911 mattis

173 957 249 1036 filiis
279 960 312 1019 in
343 960 476 1040 plectant
509 961 652 1024 adductis
688 962 794 1024 dacem
828 960 941 1023 salotis
972 980 1076 1023 corum
1101 979 1160 1039 per
1187 979 1266 1039 pos-

174 1072 295 1135 sionem
316 1092 537 1139 consummare.

263 1183 313 1249 31.
358 1187 505 1268 Numquid
527 1189 610 1270 prior
631 1187 804 1268 Panaetius,
836 1188 975 1270 numquid
998 1188 1195 1268 AristoteleS,
1217 1188 1268 1270 qui

176 1300 291 1383 etipse
315 1300 474 1384 disputavit
496 1302 533 1365 de
557 1303 673 1380 officio,
697 1322 784 1384 quarn
800 1303 911 1384 David,
934 1322 1001 1367 cum
1024 1309 1053 1366 et
1075 1304 1139 1384 ipse
1154 1300 1267 1384 Pytha-

175 1390 284 1496 goras,
316 1416 365 1496 qui
388 1415 498 1500 legitur
520 1416 644 1482 Socrate
667 1419 831 1498 antiquior,
861 1418 1035 1500 prophetam
1061 1421 1181 1479 secutus
1204 1415 1268 1478 Da-

175 1529 242 1609 vid,
260 1525 292 1613 ⁴)
323 1529 421 1613 legem
449 1531 555 1594 silentii
579 1530 695 1596 dederit
724 1532 812 1595 suis?
862 1531 921 1597 Sed
945 1533 1013 1612 ille,
1046 1537 1078 1594 ut
1098 1548 1154 1612 per
1176 1529 1268 1610 quin-

176 1645 335 1725 quennium
367 1644 518 1727 discipulis
549 1662 634 1708 usum
663 1645 809 1708 inhiberet
838 1644 979 1727 loquendi
991 1667 1000 1722 ;
1032 1642 1128 1706 David
1159 1648 1266 1722 autem,

175 1774 236 1819 non
266 1764 298 1819 ut
329 1762 451 1820 naturae
482 1776 588 1821 munus
620 1759 814 1837 inminueret,
848 1757 901 1820 sed
932 1762 964 1819 ut
995 1756 1158 1830 custodiam
1191 1773 1268 1838 pro-

177 1871 292 1935 terendi
328 1874 473 1935 sermonis
508 1872 638 1935 doceret.
692 1872 728 1933 Et
758 1872 941 1955 Pythagoras
975 1871 1109 1953 quidem,
1143 1877 1174 1933 ut
1207 1887 1267 1933 non

176 1985 327 2068 loquendo
360 1986 442 2068 loqui
472 1986 595 2050 doceret
603 2008 613 2063 ;
647 1985 759 2065 David,
792 1991 823 2046 ut
856 1984 1006 2065 loquendo
1037 1986 1131 2068 magis
1166 1983 1268 2047 disce-

177 2116 277 2162 remus
310 2100 400 2181 loqui.
454 2100 612 2174 Quomodo
647 2099 724 2161 enim
758 2099 822 2160 sine
857 2099 1001 2161 exercitio
1036 2098 1186 2177 doctrina,
1219 2102 1268 2159 aut

177 2212 242 2273 sine
266 2230 323 2274 usu
345 2211 523 2293 proiectus?

264 2322 315 2389 32.
361 2326 417 2399 Oui
440 2325 621 2407 disciplinam
645 2326 780 2389 bellicam
795 2325 856 2389 vult
877 2324 1019 2407 adsequi,
1042 2325 1151 2389 cotidie
1175 2343 1269 2388 exer-

178 2447 263 2504 cetur
284 2441 372 2503 armis
395 2446 425 2503 et
448 2447 592 2522 tamquam
615 2441 644 2502 in
668 2441 824 2524 procinctu
851 2441 966 2521 positus
998 2438 1143 2521 praeludit
1174 2456 1269 2521 proe-

178 2555 267 2637 lium,
292 2561 321 2618 et
345 2555 425 2617 velut
440 2573 541 2617 coram
556 2555 654 2636 posito
670 2554 836 2636 praetendit
851 2554 956 2633 hoste,
980 2561 1068 2634 atque
1083 2553 1120 2616 ad
1135 2553 1269 2636 peritiam

177 2671 318 2751 viresque
349 2667 495 2731 iaculandi
525 2668 573 2732 vel
600 2685 671 2731 suos
701 2669 836 2749 explorat
864 2667 1013 2748 lacertos,
1046 2668 1094 2731 vel
1123 2667 1270 2731 adversa-

177 2787 290 2848 riorum
322 2782 450 2845 declinat
481 2783 556 2843 ictus
582 2786 612 2842 et
635 2779 766 2862 vigilanti
789 2780 850 2840 exit
873 2779 984 2842 obtutu.
1030 2781 1088 2854 Qui
1110 2798 1217 2842 navem
1240 2780 1270 2842 in

178 2901 251 2962 mari
278 2915 388 2980 regere
417 2894 628 2978 gubernaculis
656 2892 755 2956 studet
784 2893 832 2956 vel
855 2895 946 2956 remis
978 2893 1106 2974 ducere,
1135 2895 1217 2977 prius
1240 2896 1270 2956 in

178 3013 269 3076 lluvio
299 3008 453 3094 praeludit.
498 3009 554 3083 Qui
583 3007 709 3071 canendi
743 3009 918 3070 suavitatem
948 3016 978 3070 et
1006 3011 1090 3072 vocis
1122 3008 1272 3071 adlectant

178 3125 403 3210 praestantiam,
433 3124 515 3204 prius
538 3123 648 3186 sensim
676 3121 811 3184 canendo
835 3139 941 3184 vocem
972 3122 1109 3185 excitant.
1154 3123 1192 3187 Et
1207 3125 1271 3206 'qui

178 3241 292 3305 viribus
315 3237 451 3321 corporis
474 3236 665 3320 legitimoque
696 3234 827 3298 luctandi
856 3237 1015 3299 certamine
1046 3255 1187 3300 coronam
1211 3257 1270 3319 pe-

178 3362 257 3434 tunt,
292 3353 441 3416 cotidiano
471 3370 527 3415 usu
557 3352 722 3433 palaestrae
753 3350 892 3413 durantes
925 3351 1073 3430 membra,
1106 3352 1271 3414 nutrientes

179 3469 365 3552 patientiam,
388 3468 490 3530 labore
512 3467 700 3530 adsuescunt.

267 3581 317 3647 33.
361 3584 441 3647 Haec
463 3584 527 3664 ipsa
550 3589 654 3646 natura
675 3599 732 3645 nos
752 3582 784 3644 in
806 3582 936 3664 parvulis
960 3578 1062 3660 docet,
1086 3580 1165 3662 quod
1188 3580 1271 3662 prius

180 3717 271 3764 sonos
302 3697 478 3760 meditantur
500 3697 664 3778 loquendi,
697 3704 728 3760 ut
759 3697 840 3777 loqui
875 3696 997 3758 discant,
1042 3695 1143 3776 ltaque
1176 3712 1270 3758 sonus

180 3814 355 3876 exercitatio
386 3812 528 3894 quaedam
553 3818 582 3874 et
604 3812 748 3894 palaestra
780 3811 864 3874 vocis
896 3817 950 3872 est.
995 3809 1036 3871 lta
1060 3827 1134 3891 ergo
1168 3809 1271 3889 etqui

180 3927 283 3990 volunt
313 3926 431 3990 discere
464 3928 630 3991 cautionem
663 3924 804 4007 loquendi
847 3924 925 4005 quod
964 3930 1086 3987 naturae
1124 3930 1170 3985 est
1209 3941 1270 3986 non

183 4079 388 4089 ———..

252 4167 427 4239 omma
498 4168 667 4238 6)66,,.66
738 4167 980 4247 quomam
1027 4164 1267 4235 ausaausa.
