2692 4666
172 324 214 392 58
616 322 641 378 S.
659 320 814 378 tntnoslt

259 481 309 548 73.
354 483 428 550 Sunt
450 483 538 547 etiam
562 485 612 568 qui
634 487 742 550 sensim
765 484 941 551 ambulando
963 485 1113 551 imitentur
1133 485 1260 550 histric-

169 600 254 663 nicos
276 605 380 682 gestus
403 607 432 663 et
454 603 538 683 quasi
561 601 703 684 quaedam
726 601 838 665 fercula
861 619 1033 685 pomparum
1055 609 1085 665 et
1100 608 1259 667 statuarum

169 721 265 779 motus
289 717 460 797 nutantium,
483 722 523 798 ut,
547 719 810 799 quotienscumque
833 717 955 802 gradum
977 715 1168 797 transferunt,
1190 734 1259 780 mo-

171 828 257 895 dulos
280 830 423 915 quosdam
446 849 570 895 servare
592 831 757 896 videantur.

258 942 307 1009 tt.
352 945 415 1009 Nec
439 947 546 1011 cursim
570 947 719 1010 ambulare
748 947 904 1011 honestum
934 947 1075 1026 arbitror,
1106 945 1164 1008 nisi
1194 963 1259 1009 cum

171 1075 259 1122 causa
283 1059 376 1142 exigit
395 1059 518 1123 alicuius
533 1059 657 1142 periculi
671 1059 720 1122 vel
736 1058 811 1123 iusta
826 1060 997 1123 necessitas.
1035 1059 1107 1122 Nam
1123 1059 1259 1140 plerum-

170 1191 229 1257 que
251 1171 424 1237 festinantes
447 1174 570 1237 anhelos
592 1174 726 1237 videmus
749 1181 892 1256 torquere
915 1192 977 1254 ora,
1001 1173 1105 1256 quibus
1129 1173 1153 1236 si
1169 1191 1259 1237 causa

171 1287 248 1351 desit
278 1287 474 1352 festinationis
504 1288 711 1369 necessariae,
745 1306 858 1352 naevus
889 1290 984 1352 iustae
1007 1288 1180 1352 offensionis
1204 1293 1258 1352 est.

170 1401 230 1468 Sed
253 1421 312 1466 non
336 1403 373 1466 de
396 1403 440 1465 his
464 1402 541 1484 dico,
565 1404 670 1485 quibus
688 1421 755 1466 rara
771 1406 941 1486 properatio
958 1421 998 1466 ex
1013 1419 1103 1466 causa
1118 1403 1259 1484 nascitur,

170 1516 224 1580 sed
248 1519 353 1599 quibus
376 1518 454 1602 iugis
476 1524 506 1580 et
528 1519 667 1581 continua
689 1519 718 1581 in
742 1525 875 1582 naturam
897 1519 1029 1581 vertitur.
1067 1517 1130 1580 Nec
1152 1516 1260 1580 inillis

171 1651 230 1715 ego
255 1638 399 1714 tamquam
422 1633 643 1697 simtdacrorum
667 1631 782 1716 effigies
806 1633 918 1715 probo,
949 1650 1006 1695 nec
1034 1631 1064 1692 in
1094 1631 1159 1694 istis
1181 1636 1260 1694 tam-

172 1765 258 1831 quam
283 1766 478 1811 excussorum
500 1750 610 1812 ruinas.

260 1860 309 1926 75.
354 1861 406 1925 Est
437 1864 523 1926 etiam
552 1880 677 1947 gressus
709 1861 888 1945 probabilis,
921 1863 950 1924 in
982 1878 1042 1942 quo
1073 1860 1111 1924 sit
1142 1861 1260 1943 species

171 1977 353 2042 auctoritatis
375 1978 589 2060 gravitatisque
615 1977 748 2061 pondus,
780 1977 992 2060 tranquillitatis
1014 1975 1187 2060 vestigium3
1220 1975 1260 2038 ita

170 2099 268 2156 tamen
290 2093 316 2154 si
338 2092 464 2155 studium
488 2092 563 2156 desit
586 2100 674 2174 atque
697 2090 872 2172 adfectatio,
886 2128 889 2133 -
904 2090 958 2153 sed
987 2097 1083 2153 motus
1106 2089 1144 2152 sit
1166 2107 1260 2171 purus

171 2225 207 2273 ac
229 2207 354 2289 simplex
361 2230 369 2284 ;
391 2207 463 2270 nihil
485 2208 562 2269 enim
580 2205 710 2270 fucatum
724 2207 828 2289 placet.
866 2206 976 2269 Motum
992 2212 1095 2269 natura
1110 2204 1259 2268 informet.

172 2319 294 2402 Siquid
318 2338 391 2383 sane
415 2321 445 2381 in
473 2325 576 2383 natura
606 2320 668 2382 vitii
698 2325 760 2400 est,
790 2318 933 2382 industria
964 2318 1118 2399 emendet,
1150 2325 1182 2383 ut
1211 2336 1261 2382 ars

173 2436 265 2515 desit,
289 2454 350 2499 non
373 2435 449 2498 desit
471 2436 628 2499 correctio.

261 2545 310 2611 76,
356 2546 441 2622 Quod
464 2549 488 2610 si
512 2548 599 2611 etiam
623 2548 677 2610 ista
701 2553 872 2630 spectantur
895 2528 998 2626 altius,
1030 2554 1140 2629 quanto
1167 2548 1262 2631 magis

171 2660 335 2725 cavendum
357 2669 419 2742 est,
451 2682 489 2726 no
516 2663 586 2744 quid
616 2668 702 2746 turpe
732 2680 786 2726 ore
812 2669 900 2726 exeat
907 2685 916 2740 3
947 2664 1005 2726 hoc
1031 2663 1106 2725 onim
1129 2662 1263 2746 graviter

171 2775 341 2855 coinquinat
363 2774 518 2837 hominem.
563 2775 631 2838 Non
654 2776 732 2838 enirn
754 2774 837 2837 cibus
861 2776 1048 2856 coinquinat,
1078 2775 1133 2840 sed
1155 2777 1262 2839 iniusta

172 2888 364 2967 obtrectatio,
395 2889 448 2952 sed
471 2890 629 2953 verborum
651 2891 829 2954 obscenitas.
874 2890 954 2952 Haec
976 2891 1063 2954 etiam
1085 2890 1178 2975 vulgo
1201 2909 1262 2973 pu-

172 3000 237 3065 dori
260 3008 335 3064 sunt.
381 3002 413 3063 ln
441 3008 545 3065 nostro
574 3021 648 3067 vero
678 3002 779 3067 officio
810 3003 919 3067 nullum
948 3005 1072 3068 verbum
1103 3005 1182 3086 quod
1211 3005 1263 3067 in-

171 3116 298 3179 honeste
321 3115 416 3197 cadat,
442 3136 503 3181 non
525 3118 647 3181 incutiat
669 3119 885 3183 verecundiam.
930 3119 966 3183 Et
986 3139 1048 3185 non
1071 3119 1168 3184 solum
1190 3119 1263 3183 nihil

170 3231 227 3314 ipsi
249 3230 542 3314 indecorumloqui,
574 3235 627 3299 sed
651 3254 689 3298 ne
711 3254 812 3298 aurern
835 3235 954 3317 quidem
982 3235 1123 3298 debemus
1153 3234 1261 3297 huius-

170 3344 251 3410 modi
273 3347 418 3428 praebere
441 3346 543 3427 dictis,
567 3348 644 3411 sicut
665 3348 788 3430 loseph,
808 3345 835 3432 ¹)
858 3367 897 3411 ne
919 3350 1083 3432 incongrua
1107 3365 1180 3410 suae
1203 3363 1261 3408 au-

172 3461 250 3524 diret
270 3461 485 3542 verecundiae,
507 3468 593 3525 veste
616 3462 691 3546 fugit
712 3464 831 3544 relicta,
864 3464 1001 3546 quoniam
1025 3481 1112 3544 quern
1135 3460 1262 3525 delectat

171 3575 283 3655 audire,
307 3576 430 3639 alterum
453 3577 534 3659 loqui
557 3584 711 3659 provocat,

258 3690 308 3753 77.
354 3691 532 3775 intellegere
562 3712 682 3775 quoque
713 3693 793 3775 quod
823 3700 909 3776 turpe
941 3693 978 3754 sit
999 3692 1096 3773 pudor
1117 3691 1262 3754 maximus

172 3810 226 3865 est.
239 3858 251 3885 „
272 3805 413 3887 Spectare
436 3824 520 3886 vero,
543 3807 568 3868 si
593 3807 662 3888 quid
684 3807 850 3870 huiusmodi
875 3806 995 3871 fortuitu
1017 3805 1138 3886 accidat,
1163 3805 1261 3887 quanti

171 3917 306 3983 horroris
329 3921 389 3983 esti
428 3922 515 3998 Quod
539 3941 615 4010 ergo
638 3924 668 3990 in
691 3922 755 3990 aliis
778 3921 923 4006 displicet,
947 3919 1087 4002 numquid
1110 3926 1210 4003 potest
1232 3921 1261 3985 in

169 4070 380 4086 *nn-—

240 4166 269 4239 1)
286 4164 347 4223 aen.
367 4165 409 4235 aa,
429 4166 468 4222 12.
