2692 4666
349 340 395 392 DE
415 339 553 394 oumcns
573 341 797 396 MllllSTllORUbl
820 341 918 397 LIBER
936 343 978 399 111.
1162 350 1221 415 191
1264 363 1268 369 ’

125 497 211 571 Quod
243 517 305 564 uon
335 502 466 586 legitime
500 502 681 583 adquiritur,
715 503 800 584 quasi
830 505 926 568 ventis
957 506 1150 587 quibusdam,
1186 509 1225 571 ita

123 615 274 678 extraneis
297 615 503 698 diripientibus
526 616 695 698 dissipatur.
740 617 777 679 Et
800 617 929 680 addidit:
947 616 975 702 ¹)
1003 619 1144 699 Capturas
1164 641 1224 684 co-

123 748 240 792 nonam
254 731 437 794 moledictua
451 733 485 793 io
498 730 588 810 plebe
604 740 666 805 est;
682 731 854 794 benedictio
870 741 971 796 cutem
987 733 1054 795 aias
1065 735 1099 795 io
1113 736 1224 816 capite,
1245 779 1247 781 -

122 843 175 924 qui
195 844 377 924 participat.
422 841 513 905 Vides
530 861 605 926 ergo
622 841 701 923 quod
725 843 898 926 largitorem
923 843 1061 907 frumenti
1083 864 1151 908 esse
1167 845 1225 910 de-

123 961 205 1034 ceat,
238 973 299 1020 non
322 956 416 1038 pretii
446 961 637 1035 captatorem.
681 955 749 1018 Nou
781 961 827 1021 est
849 956 940 1038 igitur
962 958 1016 1020 ista
1039 960 1162 1040 utilitati,
1194 961 1225 1022 i'n

122 1087 182 1149 qua
205 1069 272 1151 plus
295 1069 443 1137 honestati
466 1069 647 1150 detrahitur,
671 1089 759 1151 quam
780 1071 896 1137 utilitati
920 1071 1098 1156 adiungitur.

532 1286 702 1353 CAPUT
739 1286 816 1353 Vll.

121 1449 273 1520 Peregrinos
291 1459 407 1519 tempora
425 1451 499 1504 lamis
514 1469 546 1504 ex
557 1453 621 1504 urbe
640 1453 789 1522 neutiquam
808 1452 982 1520 expellendos.
1018 1453 1158 1522 Egregium
1177 1455 1225 1508 bac

120 1541 146 1590 in
164 1555 194 1592 re
214 1538 349 1590 Christiani
366 1541 436 1592 aenis
455 1541 587 1592 consilium
606 1539 730 1606 refertur,
757 1541 798 1591 cui
818 1543 955 1608 opponitur
973 1541 1105 1623 indignum
1127 1543 1225 1596 lacinus

120 1625 220 1676 Romae
238 1625 391 1690 admissum3
410 1644 459 1679 nec
479 1643 531 1679 non
550 1636 655 1697 utroque
673 1628 740 1678 inter
757 1643 786 1679 aa
805 1637 954 1696 conparatu,
972 1630 1079 1696 primum
1098 1647 1156 1682 cum
1174 1630 1224 1682 bo-

121 1721 221 1764 nestate
239 1721 317 1783 atque
335 1714 443 1768 utilitate
462 1717 622 1767 coniunctum
643 1716 721 1768 fuisse
740 1717 891 1781 ostenditur,
909 1732 984 1768 secus
1001 1731 1064 1769 vero
1076 1718 1223 1770 secundum.
1332 1762 1343 1785 ,

211 1862 262 1930 45.
307 1865 367 1929 Sed
391 1873 421 1929 et
443 1867 500 1946 illi,
524 1868 574 1948 qui
597 1868 776 1949 peregrinos
799 1869 875 1931 urbe
898 1867 1074 1949 prohibent,
1107 1886 1225 1947 nequa-‚2

124 1996 214 2057 quam
237 1977 398 2059 probandi:
423 1979 577 2060 expellere
593 1997 630 2042 eo
648 1984 793 2060 tempore,
817 1998 877 2060 quo
900 1979 1010 2044 debent
1032 1981 1146 2059 iuvare,
1169 1999 1224 2044 se·
1253 1987 1257 1993 ”

121 2110 231 2173 parare
253 2093 471 2155 acomnrerciis
495 2093 658 2156 communis
680 2094 831 2174 parentis,
855 2094 939 2157 lusos
963 2075 1100 2156 omnibus
1122 2100 1223 2175 partus

121 2222 255 2287 negare,
286 2203 357 2266 inita
380 2203 437 2265 iam
463 2205 614 2267 consortia
638 2203 759 2266 vivendi
781 2223 999 2283 averruncare3
1028 2225 1094 2269 oum
1117 2208 1224 2289 quibus

122 2317 233 2379 luerint
258 2317 423 2380 eommunia
447 2317 527 2394 iura,
561 2334 627 2378 eum
650 2317 695 2378 his
718 2317 799 2380 nolle
822 2319 850 2379 in
875 2324 1011 2400 ternpore
1038 2321 1224 2384 necessitatis

121 2430 255 2494 subsidia
278 2430 389 2512 partiri.
426 2431 522 2491 Ferae
544 2448 604 2493 nou
629 2429 782 2510 expellunt
805 2429 903 2509 ieras,
927 2438 957 2493 et
979 2433 1069 2495 homo
1093 2432 1225 2497 excludit

123 2542 290 2607 bomineml
328 2544 423 2606 Ferae
439 2561 474 2604 ao
490 2543 605 2605 bestiae
626 2559 811 2605 communem
830 2548 933 2623 putant
951 2544 1087 2606 omuibus
1105 2546 1225 2624 victum,

122 2676 212 2738 quem
235 2664 315 2722 terra
339 2657 484 2721 ministrat
492 2676 501 2732 ;
533 2656 600 2718 illae
627 2657 714 2717 etiam
746 2645 930 2718 conformem
953 2656 1000 2718 sui
1014 2657 1144 2738 -geueris
1168 2656 1224 2718 ad-

122 2772 242 2851 iuvant,
264 2771 354 2835 borno
377 2772 536 2854 inpugnat,
560 2771 611 2851 qui
633 2769 705 2832 nibil
728 2789 744 2832 a
764 2787 799 2831 se
821 2768 950 2832 alienum
974 2767 1064 2831 debet
1087 2768 1224 2849 credere,

122 2885 267 2968 quidquid
289 2885 408 2949 humani
431 2884 493 2948 estt
1015 2868 1018 2878 ’

211 2995 262 3067 46.
308 2998 426 3072 Quanto
450 2996 500 3061 illa
521 2997 650 3073 rectius,
683 2995 733 3075 qui
757 3013 823 3057 curn
846 2996 903 3057 iam
925 2998 1069 3079 provecta
1096 2990 1225 3074 proca&

122 3115 216 3183 abael
237 3117 333 3180 aetate
357 3116 386 3173 et
408 3109 515 3173 famem
544 3108 689 3173 toleraret
720 3083 841 3186 civitas,
866 3115 979 3186 atque,
1008 3111 1043 3169 'ut
1065 3107 1095 3168 iu
1118 3105 1226 3169 talibus

122 3227 218 3304 auter,
241 3230 378 3306 peterent
400 3223 510 3305 uulgo,
533 3230 566 3286 ut
585 3223 739 3303 peregrini
762 3222 837 3285 urbe
860 3207 1092 3302 prohiberentur
1099 3240 1110 3295 ;
1132 3237 1226 3308 prae-

124 3339 257 3402 fecturae
281 3338 412 3403 urbanae
434 3353 537 3399 curam
560 3335 670 3398 ceteris
698 3325 839 3396 maiorem
869 3335 1021 3396 sustinens
1048 3332 1228 3397 convocarit

123 3452 290 3517 honoratos
325 3456 354 3537 et
390 3449 603 3532 locupletiores
643 3448 739 3526 viros,
776 3447 931 3528 poposcit,
969 3452 1000 3509 ut
1037 3448 1067 3509 in
1099 3443 1229 3509 medium

123 3567 337 3645 consulerent,
378 3563 497 3642 diceus,
540 3582 628 3644 quarn
666 3565 783 3626 inmane
824 3565 905 3624 esset
945 3560 1124 3641 peregrinos
1161 3558 1228 3645 eici,

125 3698 215 3761 quarn
238 3678 388 3741 huminem
420 3684 547 3739 exueret
577 3677 629 3758 qui
658 3678 754 3738 cibum
786 3674 924 3737 morienti
951 3678 1084 3754 negaret.
1131 3671 1227 3739 Canes

102 3764 195 3855 ⁴aute
230 3806 363 3855 mensam
393 3789 527 3868 inpastus
555 3805 625 3850 esse
652 3806 713 3851 uon
733 3778 878 3868 patimur,
910 3784 1060 3848 bominem
1090 3783 1227 3848 extrudi·

124 3920 201 3969 mur.
245 3902 342 3978 Quam
363 3899 468 3964 inutile
490 3919 612 3982 quoque
636 3907 680 3965 tot
704 3901 831 3983 populos
861 3898 973 3964 mundo
1002 3899 1228 3982 perira‚,quua

199 4140 227 4209 ι)
245 4139 319 4195 rav.
341 4139 385 4206 11,
403 4141 446 4195 aa.
