2692 4666
365 333 411 387 DE
431 332 568 387 oratoris
590 332 817 388 blllllISTllOlthl
836 332 932 385 LIBER
950 332 992 386 ΙΙΙ.
1169 337 1231 400 189

134 500 234 555 terrae
265 494 414 574 simplices
445 511 529 573 esse,
563 496 630 577 plus
653 496 703 576 qui
726 494 934 570 seminaverit,
969 511 1007 556 eo
1030 493 1232 574 probatiorem

133 606 217 686 lore,
241 609 400 670 uberiores
424 609 537 671 reditus
561 610 723 672 industriae
747 627 807 671 non
832 607 980 686 fraudari,
1011 608 1233 690 neglegentiam

132 722 226 806 magis
249 730 279 784 et
300 723 443 785 incuriam
466 725 544 786 ruris
567 724 669 786 inculti
692 721 872 804 reprehendi
895 722 1003 784 solere.

219 833 270 899 39.
315 834 424 915 Aravi,
457 838 568 917 lnquit,
603 836 782 913 studiosius,
814 834 935 897 uberius
965 834 1126 912 seminavi,
1160 834 1231 896 dili·

129 948 249 1030 gentius
273 948 410 1028 excolui,
434 949 531 1011 bonos
554 949 663 1030 collegi
686 956 866 1029 proventus,
889 948 1042 1009 sollicitius
1065 949 1230 1026 recondidi,

128 1062 249 1124 servavi
280 1061 425 1140 fideliter,
459 1063 587 1143 provide
617 1062 773 1124 custodivi.
819 1061 905 1123 Nunc
928 1062 957 1122 in
981 1068 1115 1143 tempore
1145 1063 1230 1125 lanais

128 1175 247 1254 vendo,
271 1177 415 1239 subvenio
440 1176 655 1253 esurientibus;
678 1177 779 1239 vendo
803 1176 983 1237 frumentum
1007 1194 1067 1238 non
1091 1176 1229 1254 alienum,

127 1289 182 1351 sed
206 1307 322 1366 meum;
344 1307 403 1351 non
427 1289 536 1369 pluris,
560 1307 648 1369 qnam
671 1289 782 1366 ceteri,
807 1289 895 1350 immo
920 1289 1007 1350 etiarn
1031 1289 1135 1351 rninori
1153 1307 1229 1370 pre-

127 1404 177 1465 tio.
224 1403 302 1477 Ouid
324 1403 372 1465 hic
395 1401 506 1465 fraudis
532 1410 595 1480 est,
631 1420 696 1465 cum
727 1401 807 1464 multi
835 1407 961 1482 possent
990 1403 1166 1482 periclitari,
1203 1403 1229 1466 si

125 1534 187 1578 non
217 1515 362 1579 haberent
392 1516 472 1597 quod
503 1493 664 1579 emerent?
709 1516 785 1579 Num
812 1515 955 1578 industria
978 1516 1007 1576 in
1032 1516 1144 1578 crimen
1166 1535 1228 1578 vo·

125 1627 236 1692 catur?
281 1629 357 1691 Num
382 1628 532 1712 diligentia
559 1628 815 1709 reprehenditur?
860 1627 937 1689 Num
967 1629 1154 1708 providentia
1177 1630 1227 1691 vi-

124 1742 305 1822 tuperatur?
349 1742 489 1804 Fortasse
512 1740 605 1803 dicat:
636 1739 672 1802 Et
694 1738 802 1819 loseph
826 1738 971 1800 frumenta
996 1742 1025 1803 in
1048 1739 1227 1803 abundantia

124 1856 263 1938 collegit,
287 1856 316 1918 in
339 1858 463 1918 caritate
488 1854 626 1918 vendidit.
672 1854 748 1915 Num
771 1855 870 1915 carlus
893 1852 1000 1933 aliquis
1024 1871 1126 1917 emere
1148 1871 1226 1915 con-

122 1969 268 2049 pellitur?
321 1970 398 2031 Num
432 1971 478 2031 ris
512 1968 667 2030 adhibetur
705 1966 857 2048 emptori?
914 1964 1057 2028 Omnibus
1092 1965 1225 2029 defertur

122 2083 241 2147 emendi
265 2084 367 2165 copia,
390 2083 460 2145 nulli
484 2083 641 2164 inrogatur
663 2083 779 2145 iniuria.

209 2193 262 2260 lo.
307 2197 359 2259 llis
380 2198 471 2279 igitur
494 2204 635 2277 qnantum
658 2196 803 2276 cuiusque
819 2195 876 2256 lert
891 2193 1045 2276 ingenium
1060 2189 1226 2273 disputatis,

122 2310 258 2392 exsurgit
282 2309 356 2372 alius
380 2307 501 2371 dicens:
534 2307 616 2370 Bona
640 2306 758 2388 quidem
782 2307 979 2390 agricultura,
1011 2324 1088 2387 quae
1112 2305 1227 2369 fructus

123 2422 270 2484 ministrat
292 2422 450 2501 omnibus,
474 2440 551 2502 quae
574 2421 700 2503 simplici
722 2420 865 2483 industria
889 2420 1056 2483 adcumulet
1079 2427 1226 2483 terrarum

124 2532 351 2613 fecunditatem,
391 2533 462 2595 nihil
490 2532 567 2610 doli,
599 2531 669 2593 nihil
702 2532 815 2595 lraudis
841 2533 1034 2595 interserens.
1088 2532 1226 2613 Denique

123 2646 149 2708 si
172 2646 244 2728 quid
267 2647 328 2709 vitii
351 2646 458 2726 luerit,
490 2647 556 2727 plus
580 2645 728 2726 dispendii
751 2654 814 2725 est,
846 2645 933 2727 quia,
968 2645 992 2708 si
1016 2646 1094 2707 bene
1116 2645 1224 2724 aliquis

122 2761 325 2838 seminaverit,
345 2761 450 2823 melius
474 2767 574 2839 metet,
599 2768 629 2822 et
645 2759 670 2823 si
684 2760 835 2821 sincerum
850 2758 939 2821 tritici
953 2776 1080 2841 granum
1102 2758 1225 2836 severit,

120 2874 273 2955 puriorem
295 2890 331 2935 ac
352 2873 499 2936 sinceram
530 2890 658 2935 messem
682 2871 813 2954 colliget
857 2869 1102 2934 Fecundaterra
1123 2870 1226 2933 multi-

120 2985 260 3065 plicatum
290 2983 389 3047 reddit
422 2982 504 3066 quod
536 2986 687 3066 acceperit
693 3004 703 3060 3
735 2983 830 3047 lidelis
860 3001 935 3067 ager
965 2983 1118 3048 feneratos
1147 2983 1226 3047 solet

120 3098 282 3161 restituere
304 3102 477 3179 proventus.

209 3207 261 3274 41.
306 3211 352 3272 De
374 3208 519 3272 reditibus
545 3209 635 3291 igitur
658 3208 759 3270 uberis
785 3208 892 3290 glebae
922 3213 1100 3289 exspectare
1130 3204 1223 3269 debes
1310 3249 1313 3256 -

120 3324 162 3387 tui
184 3322 357 3387 mercedem
379 3320 508 3400 laboris,
540 3322 578 3384 de
602 3320 753 3383 fertilitate
775 3322 895 3404 pinguis
918 3323 976 3384 soli
999 3324 1076 3385 iusta
1097 3336 1223 3402 sperare

120 3433 298 3516 conpendia.
345 3432 404 3496 Cur
435 3433 471 3496 ad
506 3432 640 3496 fraudem
674 3435 826 3496 convertis
860 3439 984 3497 naturae
1023 3432 1222 3497 industriam?

121 3547 182 3610 Cur
213 3545 329 3609 invides
360 3547 464 3609 usibus
493 3545 644 3610 bominum
673 3547 809 3628 publicos
841 3547 970 3628 partus?
1015 3546 1075 3610 Cur
1104 3545 1223 3627 populis

120 3660 227 3721 minuis
250 3658 482 3723 abundantiam?
520 3659 580 3722 Cur
603 3659 735 3722 adiectas
759 3659 914 3741 inopiam?
952 3657 1011 3722 Gur
1032 3659 1128 3742 optari
1147 3658 1221 3720 lacis

120 3773 343 3855 apauperibos
372 3771 582 3835 sterilitatem?
627 3772 699 3835 Cum
731 3773 810 3833 enim
832 3789 893 3835 non
916 3770 1046 3833 sentiant
1076 3768 1222 3832 beneficia

119 3885 326 3964 fecunditatis,
357 3892 386 3948 te
412 3887 601 3949 auctionante
632 3887 776 3968 pretium,
809 3893 839 3949 le
861 3884 1010 3951 condente
1042 3882 1221 3945 frumentum

118 4007 223 4082 optant
245 4001 344 4083 potius
367 3998 438 4061 nihil
460 4000 559 4079 nasci,
590 4019 677 4081 quam
700 4006 730 4062 te
753 3999 791 4062 de
814 3999 894 4062 fame
915 3997 1033 4080 publica
1062 3995 1219 4079 negotiari.

118 4112 224 4176 Ambio
242 4110 459 4177 mentorum
478 4111 681 4195 indigentiam,
701 4111 907 4175 alimentorum
925 4109 1089 4193 penuriam,
1108 4108 1220 4173 uberes
