2692 4666
417 308 464 363 DE
482 309 621 366 osutctts
640 310 865 369 nttttst‘ttottttbt
884 313 981 369 LIBER
998 316 1018 370 1.
1228 320 1271 388 87

170 471 199 536 si
220 472 287 554 ipse
309 471 340 534 in
363 460 574 536 necessitatem
597 474 707 537 incidit.
747 474 824 548 Quid
845 476 922 537 enim
939 481 996 537 tam
1012 483 1116 540 contra
1132 476 1274 560 officinm,

172 603 259 668 mam
281 603 344 649 nou
366 585 498 650 reddere
520 587 601 667 quod
624 589 806 670 acceperis?
850 590 915 652 Nec
937 607 1077 653 mensura
1105 592 1184 673 pari,
1218 593 1274 656 sed

170 699 314 764 uberiore
335 698 521 763 reddendum
544 701 683 779 arbitror,
707 707 738 762 et
759 719 845 763 usum
868 718 998 782 pensare
1020 701 1167 781 beneficii,
1192 710 1273 766 utet

170 817 203 874 tu
226 812 399 892 subvenias,
421 819 561 893 quantum
585 814 648 876 eius
673 831 843 879 aerumnam
865 815 1004 896 repellas.
1041 814 1158 876 Etenim
1176 832 1272 897 supe-

169 926 281 988 riorem
302 943 364 989 non
386 941 457 988 esse
479 924 509 985 in
532 922 710 1004 referendo,
739 943 826 1006 quam
849 926 878 987 in
902 924 1088 987 conferendo
1111 925 1270 1005 beneficio,

168 1038 228 1101 boc
256 1044 303 1102 est
329 1039 473 1102 minorem
502 1053 588 1116 esse,
620 1039 759 1118 quoniam
790 1039 840 1118 qui
869 1039 952 1119 prior
983 1037 1106 1101 contulit
1134 1044 1271 1120 ternpore

167 1153 309 1234 superior
330 1158 385 1231 est,
408 1150 586 1214 humanitate
610 1151 701 1231 prior.

259 1262 329 1329 161.
374 1264 460 1327 Unde
493 1265 631 1327 imitanda
661 1264 747 1327 nobis
779 1272 826 1327 est
857 1266 887 1327 in
920 1265 978 1328 boc
1012 1281 1133 1345 quoque
1164 1271 1270 1327 natura

118 1430 131 1447 ι.
164 1385 330 1457 terrarum,
346 1395 440 1460 uuae
470 1385 642 1459 susceptum
667 1396 770 1440 semen
794 1379 1021 1460 multiplicatiori
1044 1377 1122 1441 solet
1143 1395 1268 1441 numero

164 1490 313 1570 reddere,
344 1478 432 1572 quam
460 1491 619 1571 acceperit.
671 1489 743 1552 Ideo
774 1491 825 1552 tibi
858 1493 999 1573 scripturn
1029 1497 1091 1553 est:
1116 1486 1147 1573 ¹)
1180 1491 1271 1554 Sicut

166 1605 366 1686 oprieulturn
387 1612 435 1666 est
456 1604 547 1667 bonno
570 1604 727 1682 insipiens
749 1612 779 1666 et
794 1612 948 1685 tamquam
963 1605 1058 1666 uinco
1073 1605 1161 1667 bomo
1177 1623 1268 1685 opens

163 1736 270 1780 sensu.
320 1717 356 1779 st
388 1717 556 1797 reliqueris
591 1736 676 1793 eum,
716 1717 920 1780 desolabitur.
972 1716 1054 1780 Sicut
1088 1717 1268 1799 agricultura

164 1847 244 1913 ergo
267 1830 353 1893 etiam
375 1832 505 1913 sapienS,
527 1837 560 1893 ut
583 1837 730 1912 tamquam
753 1830 888 1893 fenerata
911 1831 968 1895 sibi
990 1831 1104 1893 maiore
1127 1847 1267 1893 mensura

165 1943 281 2006 semina
304 1951 443 2025 suscepta
465 1945 609 2007 restituat.
655 1944 749 2005 Terra
773 1961 848 2026 ergo
872 1951 921 2005 aut
944 1949 1126 2025 spontaneos
1153 1943 1268 2006 lructus

165 2056 315 2139 germinat
350 2063 399 2119 aut
432 2056 564 2119 creditos
598 2056 740 2119 uberiore
774 2056 891 2118 cumulo
925 2055 1057 2118 refundit
1092 2074 1127 2118 ac
1159 2055 1267 2119 reddit.

164 2170 332 2249 Utrumque
363 2168 614 2251 debestquodam
643 2169 823 2233 hereditario
853 2188 909 2233 usu
931 2170 1080 2250 parentis,
1109 2187 1149 2231 ne
1171 2169 1267 2231 relin-

164 2283 270 2364 quaris
291 2283 369 2345 sicut
389 2280 568 2345 infecundus
592 2299 675 2364 ager.
719 2281 791 2343 Esto
817 2288 923 2360 tamen,
947 2286 978 2342 ut
996 2281 1102 2362 aliquis
1118 2298 1267 2343 excusare

163 2395 270 2479 possit,
294 2396 374 2477 quod
397 2413 459 2468 non
483 2394 608 2474 dederit,
631 2395 782 2475 quomodo
807 2413 954 2457 excusare
976 2401 1085 2475 potest,
1109 2393 1190 2474 quod
1205 2412 1267 2457 non

163 2507 356 2572 reddiderit?
400 2507 467 2571 Non
490 2508 563 2571 dare
587 2509 722 2589 cuiquam
745 2509 796 2570 vix
818 2508 905 2586 licet,
938 2526 999 2570 non
1029 2506 1159 2569 reddere
1188 2524 1265 2568 vero

164 2637 227 2683 non
248 2621 326 2684 licet.

255 2731 325 2798 162.
371 2733 442 2796 ldeo
457 2733 582 2815 pulchre
598 2732 737 2815 Salomon
755 2735 812 2796 ait:
829 2731 861 2817 ²)
884 2733 919 2794 Si
934 2733 1056 2796 scduis
1071 2750 1205 2795 menore
1221 2733 1266 2794 ud

162 2867 299 2913 mensam
317 2849 476 2926 potentis,
509 2848 669 2926 supienter
699 2849 840 2930 intellege
871 2867 926 2926 eu,
962 2866 1041 2929 quoe
1063 2847 1266 2928 adponuntur

163 2963 254 3039 titt„
272 2969 303 3024 et
331 2961 415 3022 mitte
443 2978 568 3022 monum
598 2968 682 3022 mom
712 2961 835 3037 aciens,
869 2961 952 3041 quod
984 2967 1104 3038 oportet
1132 2968 1160 3021 te
1189 2959 1266 3022 tolio

157 3093 366 3159 praeparare.
403 3073 439 3134 Si
461 3080 562 3136 autem
580 3073 774 3136 insatiabilis
790 3093 833 3151 er,
857 3074 923 3135 noli
939 3074 1159 3152 concupiscere
1175 3092 1265 3136 escas

162 3190 250 3263 eius,·
281 3190 360 3251 boec
388 3187 469 3248 enim
501 3185 640 3248 obtinent
672 3187 768 3247 citum
796 3185 922 3265 salsum.
975 3185 1056 3259 Quas
1079 3203 1135 3247 nos
1158 3186 1263 3249 imitari

162 3303 319 3385 cupientes
341 3300 506 3363 sententias
529 3299 712 3381 scripsimus.
751 3298 897 3362 Conferre
919 3300 1044 3382 gratiam
1066 3298 1177 3361 bonum
1200 3306 1246 3361 est
1252 3319 1262 3374 3

161 3423 192 3480 at
215 3415 266 3496 qui
286 3412 539 3493 celenensem,
563 3411 747 3475 durissimus.
793 3412 986 3475 Humanitatis
1010 3411 1176 3492 exemplum
1199 3412 1262 3493 ipsa

108 3603 116 3612 ⁶
160 3537 243 3594 terra
258 3527 402 3611 suggerit.
441 3525 631 3609 Spontaneos
647 3525 764 3590 tructus
779 3526 934 3606 ministrat,
958 3543 1034 3607 quos
1051 3543 1112 3590 non
1128 3527 1243 3587 severis
1251 3545 1261 3600 ;

160 3641 383 3723 multiplicatum
407 3657 527 3720 quoque
549 3638 647 3701 reddit
669 3636 749 3719 quod
773 3639 930 3718 acceperit.
976 3639 1096 3722 Negare
1125 3638 1176 3699 tibi
1201 3656 1262 3718 pe-

161 3756 279 3831 cuniam
308 3759 492 3816 numeratam
523 3770 585 3814 nou
614 3751 701 3830 licet,
735 3750 886 3833 quomodo
917 3751 987 3814 licet
1019 3736 1170 3832 acceptam
1200 3767 1261 3813 non

159 3868 280 3932 referre
306 3865 459 3951 matiam?
503 3864 535 3927 lu
564 3865 733 3947 proverbiis
765 3882 886 3947 quoque
917 3865 1023 3946 habes,
1046 3862 1079 3948 3)
1112 3863 1192 3946 quod
1221 3864 1261 3928 ita

165 4017 369 4031 *-

233 4106 263 4174 t)
279 4105 355 4164 rm.
372 4104 418 4178 aa,
436 4107 472 4162 oo
487 4123 543 4178 seq.
614 4108 643 4176 ι)
661 4107 726 4165 rito.
744 4109 788 4179 as,
808 4109 884 4164 1-s.
955 4108 984 4178 s)
1003 4064 1082 4163 sisai.
1103 4105 1129 4175 e,
1149 4105 1191 4161 ιι.
