2692 4666
376 337 422 397 DE
440 336 577 397 Officiis
595 335 822 393 umlsruouttu
838 333 972 390 imunt
1160 333 1231 401 101*

133 510 164 568 et
179 505 289 569 aeerbo
303 504 394 569 boste
407 501 527 569 revexit
548 499 733 581 triumphum.
749 495 776 581 ¹)
813 496 934 562 lonatba
958 495 1133 560 adulescens
1155 493 1222 556 vir-

130 627 224 684 tutem
244 619 315 684 feeit
334 623 365 684 in
388 636 497 703 magno
519 617 645 701 proelio.
657 612 690 700 ²)
735 613 813 689 Ouid
829 613 866 676 de
881 610 1066 676 Maccabaeis
1088 607 1222 688 loquar?

219 729 291 797 197.
336 725 395 799 Sed
410 732 493 815 prius
509 729 548 795 de
562 728 672 811 populo
695 728 788 789 dicam
811 732 935 808 patrum,
959 724 1019 806 qui,
1038 741 1105 786 eum
1121 727 1223 785 essent
1267 796 1271 801 .

128 847 222 932 parati
245 846 281 911 ad
302 845 529 932 repugnandum
561 863 616 928 pro
646 844 756 926 templo
780 841 828 904 dei
851 848 881 904 et
902 857 957 930 pro
979 836 1117 922 legitimis
1149 835 1221 916 suis,

129 960 200 1027 dolo
215 962 344 1025 bostium
360 961 409 1024 die
432 960 560 1023 lacessiti
579 960 701 1038 sabbati,
726 957 891 1020 maluerunt
914 952 1088 1017 vulneribus
1112 949 1221 1013 offerre

128 1076 208 1139 nuda
230 1093 377 1158 corpora,
409 1046 496 1157 quam
525 1092 712 1157 repugnare,
754 1092 792 1135 ne
825 1072 972 1136 violarent
1004 1066 1164 1130 sabbatum.
1188 1059 1222 1147 ³)

127 1191 232 1272 ltaque
255 1207 359 1254 omnes
381 1191 451 1254 laeti
473 1208 508 1253 se
531 1190 701 1271 optulerunt
730 1188 824 1253 morti.
870 1185 930 1251 Sed
952 1181 1122 1247 Maeeabaei
1144 1196 1221 1241 cou-

127 1300 295 1366 siderantes
321 1301 400 1383 quod
423 1302 481 1366 boe
504 1301 641 1383 exemplo
665 1317 741 1382 gens
765 1299 860 1363 omnis
882 1303 985 1380 posset
1007 1297 1124 1378 perire,
1146 1294 1221 1356 sab-

126 1417 196 1479 bato
220 1417 324 1495 etiam,
356 1434 422 1478 eum
445 1415 501 1497 ipsi
524 1417 553 1477 in
576 1413 685 1476 bellum
718 1417 971 1494 provocarentur,
1004 1410 1058 1472 ulti
1078 1409 1220 1476 suntin-

121 1530 297 1594 noeentium
331 1548 435 1593 necem
470 1529 594 1591 fratrum
627 1546 760 1592 suorum.
805 1526 887 1590 Unde
921 1531 1025 1608 postea
1057 1523 1220 1587 stimulatus

125 1663 186 1708 rex
205 1642 387 1725 Antiochus,
418 1663 484 1707 eum
514 1645 622 1706 bellum
654 1641 832 1706 ueeenderet
861 1659 915 1722 per
947 1640 1039 1702 duces
1062 1656 1133 1702 suos
1155 1639 1219 1722 Ly-

125 1758 219 1838 siam,
239 1734 436 1837 lfieanorem,
465 1757 623 1841 Gorgiam,
654 1759 692 1820 ita
714 1775 781 1819 eum
804 1756 994 1819 orientalibus
1017 1755 1079 1817 suis
1103 1759 1133 1816 et
1155 1753 1218 1816 As-

124 1871 218 1955 syriis
238 1870 365 1935 attritam
375 1878 421 1934 est
444 1872 553 1952 eopiiS,
576 1878 608 1933 ut
630 1868 824 1952 quadraginta
840 1875 870 1930 et
886 1875 954 1931 octo
977 1867 1055 1930 milia
1070 1869 1100 1930 in
1120 1866 1218 1929 medio

124 1987 221 2070 eempi
241 2006 261 2053 a
281 1986 375 2051 tritus
397 1987 513 2049 milibus
539 1992 810 2068 prosternerentur.

217 2096 286 2166 198.
331 2102 476 2165 Virtutem
499 2101 582 2164 ducis
605 2101 694 2164 ludae
715 2099 886 2164 Maccabaei
903 2099 941 2162 de
956 2116 1016 2161 uno
1040 2098 1103 2161 eius
1126 2097 1217 2162 milite

124 2213 325 2277 considerate.
362 2213 496 2295 Namque
510 2214 671 2277 Eleazarus
684 2209 716 2298 ⁴)
735 2195 808 2276 ¹eum
823 2213 1093 2297 supereminentem
1109 2213 1218 2275 ceteris

123 2327 331 2411 elephantum,
353 2328 445 2392 loriea
466 2328 603 2391 vestitum
622 2329 722 2412 regia,
746 2328 934 2408 adverteret,
957 2327 1114 2391 arbitratus
1137 2327 1218 2409 quod

123 2441 155 2504 in
178 2458 216 2504 eo
238 2459 296 2504 rex
318 2448 415 2521 esset,
448 2458 539 2504 eursu
568 2442 702 2504 concitus
726 2441 754 2503 in
778 2441 915 2505 medium
929 2441 1063 2524 legionis
1085 2460 1119 2505 se
1141 2456 1218 2524 pro-

122 2556 213 2637 ripuit
247 2560 278 2618 et
310 2555 426 2618 abieoto
457 2556 553 2637 elipeo
573 2563 710 2644 ,utraque
744 2575 832 2619 manu
864 2557 1068 2625 interficiebat,
1084 2557 1217 2636 bestium,

123 2677 213 2752 atque
236 2669 354 2732 intravit
373 2669 428 2733 sub
452 2688 517 2732 earn
540 2644 576 2732 et
592 2671 725 2734 subiecto
751 2671 851 2754 gladio
873 2673 1021 2735 interemit
1043 2690 1116 2734 eam.
1155 2671 1217 2735 lta·

123 2803 183 2866 que
206 2783 318 2847 uadens
341 2784 435 2846 bestia
457 2785 608 2866 oppressit
622 2785 807 2866 Eleazarum,
830 2793 918 2868 atque
941 2788 979 2849 ita
1002 2793 1136 2851 mortuus
1159 2794 1214 2853 est

124 2896 240 2971 Quanta
271 2895 360 2979 igitur
390 2897 484 2959 virtus
516 2897 618 2978 animi,
651 2899 764 2980 primo,
797 2907 829 2962 ut
851 2907 976 2964 mortem
998 2920 1059 2966 non
1082 2904 1199 2967 timeret
1206 2926 1215 2984 ;

123 2994 250 3090 deinde,
272 3017 305 3073 ut
325 3009 520 3073 circumfusus
542 3011 711 3092 legionibus
733 3013 918 3077 inimieorum
939 3016 968 3076 in
990 3014 1141 3080 confertos
1161 3035 1215 3080 ra-

121 3131 246 3208 peretur
267 3125 380 3205 bostes,
402 3123 530 3188 medium
553 3133 725 3207 penetraret
747 3146 854 3210 agmen
878 3135 907 3192 et
928 3137 1096 3214 contempta
1118 3140 1215 3195 morte

122 3238 272 3318 ferocior,
295 3239 412 3303 abiecto
435 3240 550 3323 elipeo,
572 3247 698 3323 utraque
720 3261 807 3305 manu
828 3244 1001 3310 vulneratae
1025 3247 1133 3311 molem
1156 3247 1214 3311 be-

121 3355 198 3418 stiae
220 3353 334 3417 subiret
357 3374 391 3417 ae
413 3357 590 3438 sustineret,
619 3364 689 3439 post
710 3359 785 3421 intra
808 3331 901 3443 ipsam
930 3362 1122 3440 succederet,
1153 3381 1214 3446 quo

120 3469 251 3553 pleniori
272 3467 377 3531 feriret
399 3469 474 3532 iotul
521 3468 610 3535 (iuius
633 3471 718 3534 ruina
744 3470 876 3535 inclusus
899 3475 1010 3557 magis,
1044 3493 1130 3556 quarn
1155 3495 1214 3560 op-

119 3601 247 3670 pressus
269 3602 325 3648 suo
349 3591 395 3647 est
416 3585 549 3667 sepultus
572 3586 727 3668 triumpho.

211 3695 281 3764 199.
324 3697 389 3763 Nee
412 3699 515 3763 fefellit
537 3703 638 3784 opinio
662 3702 765 3781 virum,
792 3702 926 3784 quamvis
949 3705 1052 3788 regius
1074 3703 1214 3769 fefellerit

119 3815 249 3879 babitus.
293 3815 388 3878 'lanto
412 3817 488 3879 enim
508 3818 623 3881 virtutis
642 3818 812 3902 spectaculo
832 3818 922 3882 delixi
940 3819 1042 3883 bostes
1061 3819 1212 3902 inermem,

194 4091 223 4163 1)
240 4089 293 4145 lud.
312 4109 335 4146 e.
353 4092 378 4146 7.
449 4093 478 4160 2)
499 4095 521 4147 l.
537 4095 601 4167 lteg.
616 4098 657 4166 14,
674 4098 686 4150 1
700 4113 771 4170 seqq.
843 4099 872 4167 3)
893 4099 916 4155 1.
931 4096 1042 4154 Maccui.
1056 4098 1083 4167 2,
1095 4097 1128 4152 35
1142 4115 1214 4171 seqq.

119 4181 150 4249 4)
171 4179 195 4234 1.
214 4178 326 4239 llaeeab.
356 4181 383 4251 6,
400 4181 435 4237 13
453 4198 524 4253 seqq.

890 4290 905 4321 D
