<?xml version="1.0" encoding="UTF-8"?>
<!DOCTYPE html PUBLIC "-//W3C//DTD XHTML 1.0 Transitional//EN"
    "http://www.w3.org/TR/xhtml1/DTD/xhtml1-transitional.dtd">
<html xmlns="http://www.w3.org/1999/xhtml" xml:lang="en" lang="en">
 <head>
  <title>
</title>
<meta http-equiv="Content-Type" content="text/html;charset=utf-8" />
  <meta name='ocr-system' content='tesseract 3.04.00' />
  <meta name='ocr-capabilities' content='ocr_page ocr_carea ocr_par ocr_line ocrx_word'/>
</head>
<body>
  <div class='ocr_page' id='page_1' title='image "./deofficiisminis00krabgoog_0094.png"; bbox 0 0 2692 4666; ppageno 0'>
   <div class='ocr_carea' id='block_1_1' title="bbox 333 324 1174 396">
    <p class='ocr_par' dir='ltr' id='par_1_1' title="bbox 333 324 1174 396">
     <span class='ocr_line' id='line_1_1' title="bbox 333 324 1174 396; baseline 0.001 -16"><span class='ocrx_word' id='word_1_1' title='bbox 333 326 379 380; x_wconf 85' lang='lat' dir='ltr'><strong>un</strong></span> <span class='ocrx_word' id='word_1_2' title='bbox 398 324 537 383; x_wconf 84' lang='lat' dir='ltr'><strong>orrrcus</strong></span> <span class='ocrx_word' id='word_1_3' title='bbox 556 324 929 382; x_wconf 81' lang='lat' dir='ltr'><strong>urursrnonuucmuur.</strong></span> <span class='ocrx_word' id='word_1_4' title='bbox 1132 328 1174 396; x_wconf 71' lang='lat' dir='ltr'><strong>rr</strong></span> 
     </span>
    </p>
   </div>
   <div class='ocr_carea' id='block_1_2' title="bbox 77 489 1277 3891">
    <p class='ocr_par' dir='ltr' id='par_1_2' title="bbox 78 489 1174 802">
     <span class='ocr_line' id='line_1_2' title="bbox 78 489 1174 572; baseline 0.004 -22"><span class='ocrx_word' id='word_1_5' title='bbox 78 493 198 571; x_wconf 84' lang='lat' dir='ltr'><strong>partes,</strong></span> <span class='ocrx_word' id='word_1_6' title='bbox 230 489 368 553; x_wconf 81' lang='lat' dir='ltr'><strong>iustitiam</strong></span> <span class='ocrx_word' id='word_1_7' title='bbox 392 496 422 553; x_wconf 86' lang='lat' dir='ltr'><strong>ot</strong></span> <span class='ocrx_word' id='word_1_8' title='bbox 443 491 684 570; x_wconf 85' lang='lat' dir='ltr'><strong>beneficentiam,</strong></span> <span class='ocrx_word' id='word_1_9' title='bbox 714 510 800 572; x_wconf 85' lang='lat' dir='ltr'><strong>quam</strong></span> <span class='ocrx_word' id='word_1_10' title='bbox 823 490 948 554; x_wconf 84' lang='lat' dir='ltr'><strong>eandem</strong></span> <span class='ocrx_word' id='word_1_11' title='bbox 969 490 1174 555; x_wconf 75' lang='lat' dir='ltr'>liberalitatem</span> 
     </span>
     <span class='ocr_line' id='line_1_3' title="bbox 79 603 1174 688; baseline 0.005 -22"><span class='ocrx_word' id='word_1_12' title='bbox 79 609 113 666; x_wconf 86' lang='lat' dir='ltr'><strong>et</strong></span> <span class='ocrx_word' id='word_1_13' title='bbox 127 603 343 688; x_wconf 71' lang='lat' dir='ltr'><strong>benignitatem</strong></span> <span class='ocrx_word' id='word_1_14' title='bbox 366 612 490 669; x_wconf 84' lang='lat' dir='ltr'><strong>vocant:</strong></span> <span class='ocrx_word' id='word_1_15' title='bbox 527 606 635 685; x_wconf 77' lang='lat' dir='ltr'><strong>iustitio</strong></span> <span class='ocrx_word' id='word_1_16' title='bbox 658 605 727 668; x_wconf 90' lang='lat' dir='ltr'><strong>milri</strong></span> <span class='ocrx_word' id='word_1_17' title='bbox 750 605 904 669; x_wconf 81' lang='lat' dir='ltr'><strong>excelsior</strong></span> <span class='ocrx_word' id='word_1_18' title='bbox 933 603 1066 685; x_wconf 91' lang='lat' dir='ltr'><strong>videtur,</strong></span> <span class='ocrx_word' id='word_1_19' title='bbox 1095 605 1174 671; x_wconf 83' lang='lat' dir='ltr'><strong>libc-</strong></span> 
     </span>
     <span class='ocr_line' id='line_1_4' title="bbox 80 716 977 802; baseline 0.001 -23"><span class='ocrx_word' id='word_1_20' title='bbox 80 716 183 780; x_wconf 84' lang='lat' dir='ltr'><strong>ralitus</strong></span> <span class='ocrx_word' id='word_1_21' title='bbox 205 718 335 802; x_wconf 82' lang='lat' dir='ltr'><strong>gratior:</strong></span> <span class='ocrx_word' id='word_1_22' title='bbox 360 718 408 791; x_wconf 77' lang='lat' dir='ltr'><strong>illo</strong></span> <span class='ocrx_word' id='word_1_23' title='bbox 431 735 587 781; x_wconf 83' lang='lat' dir='ltr'><strong>censuram</strong></span> <span class='ocrx_word' id='word_1_24' title='bbox 610 725 708 796; x_wconf 81' lang='lat' dir='ltr'><strong>leret,</strong></span> <span class='ocrx_word' id='word_1_25' title='bbox 731 718 786 780; x_wconf 85' lang='lat' dir='ltr'><strong>isto</strong></span> <span class='ocrx_word' id='word_1_26' title='bbox 809 719 977 781; x_wconf 82' lang='lat' dir='ltr'><strong>honitatem.</strong></span> 
     </span>
    </p>

    <p class='ocr_par' dir='ltr' id='par_1_3' title="bbox 77 829 1180 1488">
     <span class='ocr_line' id='line_1_5' title="bbox 172 829 1180 914; baseline 0.003 -20"><span class='ocrx_word' id='word_1_27' title='bbox 172 829 243 896; x_wconf 90' lang='grc'><strong>131.</strong></span> <span class='ocrx_word' id='word_1_28' title='bbox 288 832 346 899; x_wconf 87' lang='lat' dir='ltr'><strong>Sed</strong></span> <span class='ocrx_word' id='word_1_29' title='bbox 370 833 495 913; x_wconf 91' lang='lat' dir='ltr'><strong>primum</strong></span> <span class='ocrx_word' id='word_1_30' title='bbox 520 833 615 913; x_wconf 90' lang='lat' dir='ltr'><strong>ipsum</strong></span> <span class='ocrx_word' id='word_1_31' title='bbox 635 830 718 914; x_wconf 77' lang='lat' dir='ltr'><strong>quod</strong></span> <span class='ocrx_word' id='word_1_32' title='bbox 734 838 837 914; x_wconf 82' lang='lat' dir='ltr'><strong>putant</strong></span> <span class='ocrx_word' id='word_1_33' title='bbox 858 832 1026 914; x_wconf 90' lang='lat' dir='ltr'><strong>philosophi</strong></span> <span class='ocrx_word' id='word_1_34' title='bbox 1048 834 1180 907; x_wconf 80' lang='lat' dir='ltr'><strong>institioo¹</strong></span> 
     </span>
     <span class='ocr_line' id='line_1_6' title="bbox 77 946 1175 1031; baseline 0.003 -22"><span class='ocrx_word' id='word_1_35' title='bbox 77 965 186 1010; x_wconf 88' lang='lat' dir='ltr'><strong>munus</strong></span> <span class='ocrx_word' id='word_1_36' title='bbox 218 946 294 1029; x_wconf 83' lang='lat' dir='ltr'><strong>apud</strong></span> <span class='ocrx_word' id='word_1_37' title='bbox 327 964 383 1009; x_wconf 90' lang='lat' dir='ltr'><strong>uos</strong></span> <span class='ocrx_word' id='word_1_38' title='bbox 418 946 594 1010; x_wconf 83' lang='lat' dir='ltr'><strong>excluditur.</strong></span> <span class='ocrx_word' id='word_1_39' title='bbox 640 947 747 1011; x_wconf 90' lang='lat' dir='ltr'><strong>Dicunt</strong></span> <span class='ocrx_word' id='word_1_40' title='bbox 778 947 856 1010; x_wconf 90' lang='lat' dir='ltr'><strong>enim</strong></span> <span class='ocrx_word' id='word_1_41' title='bbox 889 947 928 1010; x_wconf 89' lang='lat' dir='ltr'><strong>illi</strong></span> <span class='ocrx_word' id='word_1_42' title='bbox 958 965 1022 1009; x_wconf 83' lang='lat' dir='ltr'><strong>eam</strong></span> <span class='ocrx_word' id='word_1_43' title='bbox 1051 950 1175 1031; x_wconf 83' lang='lat' dir='ltr'><strong>primam</strong></span> 
     </span>
     <span class='ocr_line' id='line_1_7' title="bbox 79 1060 1174 1142; baseline 0.002 -15"><span class='ocrx_word' id='word_1_44' title='bbox 79 1079 151 1127; x_wconf 79' lang='lat' dir='ltr'><strong>esse</strong></span> <span class='ocrx_word' id='word_1_45' title='bbox 174 1061 302 1124; x_wconf 85' lang='lat' dir='ltr'><strong>iustitiae</strong></span> <span class='ocrx_word' id='word_1_46' title='bbox 325 1060 467 1140; x_wconf 81' lang='lat' dir='ltr'><strong>formam,</strong></span> <span class='ocrx_word' id='word_1_47' title='bbox 498 1069 530 1124; x_wconf 94' lang='lat' dir='ltr'><strong>ut</strong></span> <span class='ocrx_word' id='word_1_48' title='bbox 552 1062 661 1124; x_wconf 89' lang='lat' dir='ltr'><strong>nemini</strong></span> <span class='ocrx_word' id='word_1_49' title='bbox 684 1062 750 1142; x_wconf 87' lang='lat' dir='ltr'><strong>quis</strong></span> <span class='ocrx_word' id='word_1_50' title='bbox 773 1067 898 1142; x_wconf 81' lang='lat' dir='ltr'><strong>noceat,</strong></span> <span class='ocrx_word' id='word_1_51' title='bbox 932 1063 989 1125; x_wconf 89' lang='lat' dir='ltr'><strong>nisi</strong></span> <span class='ocrx_word' id='word_1_52' title='bbox 1017 1062 1174 1129; x_wconf 80' lang='lat' dir='ltr'><strong>lacessitus</strong></span> 
     </span>
     <span class='ocr_line' id='line_1_8' title="bbox 78 1174 1174 1258; baseline 0.004 -20"><span class='ocrx_word' id='word_1_53' title='bbox 78 1176 205 1250; x_wconf 77' lang='lat' dir='ltr'><strong>iniuria3</strong></span> <span class='ocrx_word' id='word_1_54' title='bbox 237 1174 316 1255; x_wconf 90' lang='lat' dir='ltr'><strong>quod</strong></span> <span class='ocrx_word' id='word_1_55' title='bbox 340 1176 488 1258; x_wconf 79' lang='lat' dir='ltr'><strong>evangelii</strong></span> <span class='ocrx_word' id='word_1_56' title='bbox 517 1176 691 1238; x_wconf 82' lang='lat' dir='ltr'><strong>auctoritate</strong></span> <span class='ocrx_word' id='word_1_57' title='bbox 714 1182 874 1251; x_wconf 63' lang='lat' dir='ltr'><strong>vacuatum</strong></span> <span class='ocrx_word' id='word_1_58' title='bbox 908 1176 971 1238; x_wconf 89' lang='lat' dir='ltr'><strong>vult</strong></span> <span class='ocrx_word' id='word_1_59' title='bbox 992 1178 1072 1241; x_wconf 86' lang='lat' dir='ltr'><strong>enirn</strong></span> <span class='ocrx_word' id='word_1_60' title='bbox 1093 1179 1174 1242; x_wconf 90' lang='lat' dir='ltr'><strong>sori-</strong></span> 
     </span>
     <span class='ocr_line' id='line_1_9' title="bbox 78 1284 1172 1372; baseline 0.005 -22"><span class='ocrx_word' id='word_1_61' title='bbox 78 1295 183 1371; x_wconf 85' lang='lat' dir='ltr'><strong>pturn,</strong></span> <span class='ocrx_word' id='word_1_62' title='bbox 201 1284 232 1372; x_wconf 83' lang='lat'><strong>¹)</strong></span> <span class='ocrx_word' id='word_1_63' title='bbox 254 1297 286 1352; x_wconf 90' lang='lat' dir='ltr'><strong>ut</strong></span> <span class='ocrx_word' id='word_1_64' title='bbox 307 1290 345 1351; x_wconf 91' lang='lat' dir='ltr'><strong>sit</strong></span> <span class='ocrx_word' id='word_1_65' title='bbox 368 1288 398 1349; x_wconf 92' lang='lat' dir='ltr'><strong>in</strong></span> <span class='ocrx_word' id='word_1_66' title='bbox 422 1289 507 1351; x_wconf 91' lang='lat' dir='ltr'><strong>nobis</strong></span> <span class='ocrx_word' id='word_1_67' title='bbox 531 1289 650 1371; x_wconf 91' lang='lat' dir='ltr'><strong>spiritus</strong></span> <span class='ocrx_word' id='word_1_68' title='bbox 675 1289 725 1351; x_wconf 84' lang='lat' dir='ltr'><strong>dlii</strong></span> <span class='ocrx_word' id='word_1_69' title='bbox 747 1289 892 1369; x_wconf 69' lang='lat' dir='ltr'><strong>hominm,</strong></span> <span class='ocrx_word' id='word_1_70' title='bbox 917 1292 967 1370; x_wconf 87' lang='lat' dir='ltr'><strong>qui</strong></span> <span class='ocrx_word' id='word_1_71' title='bbox 991 1293 1072 1355; x_wconf 87' lang='lat' dir='ltr'><strong>venit</strong></span> <span class='ocrx_word' id='word_1_72' title='bbox 1095 1309 1172 1355; x_wconf 87' lang='lat' dir='ltr'><strong>con-</strong></span> 
     </span>
     <span class='ocr_line' id='line_1_10' title="bbox 80 1404 714 1488; baseline 0.002 -21"><span class='ocrx_word' id='word_1_73' title='bbox 80 1404 164 1468; x_wconf 87' lang='lat' dir='ltr'><strong>fcrre</strong></span> <span class='ocrx_word' id='word_1_74' title='bbox 184 1405 327 1488; x_wconf 83' lang='lat' dir='ltr'><strong>gratiam,</strong></span> <span class='ocrx_word' id='word_1_75' title='bbox 350 1422 411 1466; x_wconf 90' lang='lat' dir='ltr'><strong>non</strong></span> <span class='ocrx_word' id='word_1_76' title='bbox 435 1404 548 1468; x_wconf 86' lang='lat' dir='ltr'><strong>inferre</strong></span> <span class='ocrx_word' id='word_1_77' title='bbox 571 1406 714 1468; x_wconf 79' lang='lat' dir='ltr'><strong>iniuriam.</strong></span> 
     </span>
    </p>

    <p class='ocr_par' dir='ltr' id='par_1_4' title="bbox 78 1517 1277 2631">
     <span class='ocr_line' id='line_1_11' title="bbox 169 1517 1277 1602; baseline 0.004 -20"><span class='ocrx_word' id='word_1_78' title='bbox 169 1517 240 1584; x_wconf 80' lang='lat'><strong>132.</strong></span> <span class='ocrx_word' id='word_1_79' title='bbox 286 1518 401 1582; x_wconf 88' lang='lat' dir='ltr'><strong>Deinde</strong></span> <span class='ocrx_word' id='word_1_80' title='bbox 424 1518 547 1582; x_wconf 79' lang='lat' dir='ltr'><strong>formam</strong></span> <span class='ocrx_word' id='word_1_81' title='bbox 570 1519 698 1585; x_wconf 82' lang='lat' dir='ltr'><strong>iustitiae</strong></span> <span class='ocrx_word' id='word_1_82' title='bbox 720 1526 914 1602; x_wconf 83' lang='lat' dir='ltr'><strong>putaverunt,</strong></span> <span class='ocrx_word' id='word_1_83' title='bbox 946 1527 978 1583; x_wconf 89' lang='lat' dir='ltr'><strong>ut</strong></span> <span class='ocrx_word' id='word_1_84' title='bbox 999 1522 1065 1602; x_wconf 90' lang='lat' dir='ltr'><strong>quis</strong></span> <span class='ocrx_word' id='word_1_85' title='bbox 1088 1540 1174 1586; x_wconf 89' lang='lat' dir='ltr'><strong>com·</strong></span> <span class='ocrx_word' id='word_1_86' title='bbox 1274 1530 1277 1537; x_wconf 86' lang='lat'>&#39;</span> 
     </span>
     <span class='ocr_line' id='line_1_12' title="bbox 78 1633 1173 1718; baseline 0.002 -20"><span class='ocrx_word' id='word_1_87' title='bbox 78 1634 193 1714; x_wconf 86' lang='lat' dir='ltr'><strong>munia,</strong></span> <span class='ocrx_word' id='word_1_88' title='bbox 223 1633 254 1695; x_wconf 92' lang='lat' dir='ltr'><strong>id</strong></span> <span class='ocrx_word' id='word_1_89' title='bbox 277 1641 337 1713; x_wconf 86' lang='lat' dir='ltr'><strong>est,</strong></span> <span class='ocrx_word' id='word_1_90' title='bbox 368 1633 485 1714; x_wconf 83' lang='lat' dir='ltr'><strong>publico</strong></span> <span class='ocrx_word' id='word_1_91' title='bbox 507 1652 562 1714; x_wconf 88' lang='lat' dir='ltr'><strong>pro</strong></span> <span class='ocrx_word' id='word_1_92' title='bbox 586 1634 710 1714; x_wconf 88' lang='lat' dir='ltr'><strong>publicis</strong></span> <span class='ocrx_word' id='word_1_93' title='bbox 733 1634 857 1713; x_wconf 83' lang='lat' dir='ltr'><strong>habent,</strong></span> <span class='ocrx_word' id='word_1_94' title='bbox 888 1636 1000 1716; x_wconf 76' lang='lat' dir='ltr'><strong>privata</strong></span> <span class='ocrx_word' id='word_1_95' title='bbox 1023 1654 1078 1718; x_wconf 89' lang='lat' dir='ltr'><strong>pro</strong></span> <span class='ocrx_word' id='word_1_96' title='bbox 1101 1637 1173 1700; x_wconf 92' lang='lat' dir='ltr'><strong>suis.</strong></span> 
     </span>
     <span class='ocr_line' id='line_1_13' title="bbox 79 1747 1174 1830; baseline 0.003 -18"><span class='ocrx_word' id='word_1_97' title='bbox 79 1748 125 1812; x_wconf 90' lang='lat' dir='ltr'><strong>Ne</strong></span> <span class='ocrx_word' id='word_1_98' title='bbox 142 1750 201 1812; x_wconf 91' lang='lat' dir='ltr'><strong>hoc</strong></span> <span class='ocrx_word' id='word_1_99' title='bbox 218 1747 336 1830; x_wconf 90' lang='lat' dir='ltr'><strong>quidem</strong></span> <span class='ocrx_word' id='word_1_100' title='bbox 353 1748 515 1810; x_wconf 88' lang='lat' dir='ltr'><strong>secundum</strong></span> <span class='ocrx_word' id='word_1_101' title='bbox 531 1756 680 1829; x_wconf 62' lang='lat' dir='ltr'><strong>naturam</strong></span> <span class='ocrx_word' id='word_1_102' title='bbox 703 1756 807 1813; x_wconf 83' lang='lat' dir='ltr'><strong>natura</strong></span> <span class='ocrx_word' id='word_1_103' title='bbox 823 1749 900 1812; x_wconf 88' lang='lat' dir='ltr'><strong>onim</strong></span> <span class='ocrx_word' id='word_1_104' title='bbox 924 1751 1019 1813; x_wconf 84' lang='lat' dir='ltr'><strong>omnia</strong></span> <span class='ocrx_word' id='word_1_105' title='bbox 1039 1752 1174 1815; x_wconf 85' lang='lat' dir='ltr'><strong>omnibus</strong></span> 
     </span>
     <span class='ocr_line' id='line_1_14' title="bbox 79 1861 1233 1949; baseline 0.001 -23"><span class='ocrx_word' id='word_1_106' title='bbox 79 1864 108 1926; x_wconf 91' lang='lat' dir='ltr'><strong>in</strong></span> <span class='ocrx_word' id='word_1_107' title='bbox 133 1881 290 1926; x_wconf 88' lang='lat' dir='ltr'><strong>commune</strong></span> <span class='ocrx_word' id='word_1_108' title='bbox 314 1861 455 1944; x_wconf 85' lang='lat' dir='ltr'><strong>proludit.</strong></span> <span class='ocrx_word' id='word_1_109' title='bbox 502 1861 550 1928; x_wconf 88' lang='lat' dir='ltr'><strong>Sic</strong></span> <span class='ocrx_word' id='word_1_110' title='bbox 575 1864 651 1927; x_wconf 88' lang='lat' dir='ltr'><strong>enim</strong></span> <span class='ocrx_word' id='word_1_111' title='bbox 676 1865 748 1927; x_wconf 90' lang='lat' dir='ltr'><strong>deus</strong></span> <span class='ocrx_word' id='word_1_112' title='bbox 780 1867 920 1949; x_wconf 79' lang='lat' dir='ltr'><strong>generari</strong></span> <span class='ocrx_word' id='word_1_113' title='bbox 950 1866 1036 1928; x_wconf 90' lang='lat' dir='ltr'><strong>iussit</strong></span> <span class='ocrx_word' id='word_1_114' title='bbox 1067 1865 1174 1946; x_wconf 86' lang='lat' dir='ltr'><strong>omnia,</strong></span> <span class='ocrx_word' id='word_1_115' title='bbox 1223 1906 1233 1927; x_wconf 83' lang='grc'><strong>..</strong></span> 
     </span>
     <span class='ocr_line' id='line_1_15' title="bbox 78 1977 1173 2058; baseline 0.001 -18"><span class='ocrx_word' id='word_1_116' title='bbox 78 1983 110 2040; x_wconf 90' lang='lat' dir='ltr'><strong>nt</strong></span> <span class='ocrx_word' id='word_1_117' title='bbox 143 1983 245 2058; x_wconf 85' lang='lat' dir='ltr'><strong>pastus</strong></span> <span class='ocrx_word' id='word_1_118' title='bbox 276 1977 411 2040; x_wconf 89' lang='lat' dir='ltr'><strong>omuibus</strong></span> <span class='ocrx_word' id='word_1_119' title='bbox 446 1980 609 2041; x_wconf 89' lang='lat' dir='ltr'><strong>communis</strong></span> <span class='ocrx_word' id='word_1_120' title='bbox 643 1987 724 2042; x_wconf 87' lang='lat' dir='ltr'><strong>osset</strong></span> <span class='ocrx_word' id='word_1_121' title='bbox 758 1987 787 2041; x_wconf 87' lang='lat' dir='ltr'><strong>et</strong></span> <span class='ocrx_word' id='word_1_122' title='bbox 817 1985 897 2041; x_wconf 84' lang='lat' dir='ltr'><strong>terra</strong></span> <span class='ocrx_word' id='word_1_123' title='bbox 932 1977 1011 2041; x_wconf 82' lang='lat' dir='ltr'><strong>foret</strong></span> <span class='ocrx_word' id='word_1_124' title='bbox 1045 1979 1173 2042; x_wconf 89' lang='lat' dir='ltr'><strong>omnium</strong></span> 
     </span>
     <span class='ocr_line' id='line_1_16' title="bbox 79 2078 1174 2174; baseline -0.001 -20"><span class='ocrx_word' id='word_1_125' title='bbox 79 2091 225 2172; x_wconf 84' lang='lat' dir='ltr'><strong>quaedam</strong></span> <span class='ocrx_word' id='word_1_126' title='bbox 258 2091 422 2156; x_wconf 86' lang='lat' dir='ltr'><strong>communis</strong></span> <span class='ocrx_word' id='word_1_127' title='bbox 456 2078 620 2173; x_wconf 87' lang='lat' dir='ltr'><strong>possessio.</strong></span> <span class='ocrx_word' id='word_1_128' title='bbox 672 2092 783 2155; x_wconf 83' lang='lat' dir='ltr'><strong>Natura</strong></span> <span class='ocrx_word' id='word_1_129' title='bbox 814 2092 903 2174; x_wconf 82' lang='lat' dir='ltr'><strong>igitur</strong></span> <span class='ocrx_word' id='word_1_130' title='bbox 937 2094 983 2154; x_wconf 94' lang='lat' dir='ltr'><strong>ius</strong></span> <span class='ocrx_word' id='word_1_131' title='bbox 1015 2108 1174 2156; x_wconf 86' lang='lat' dir='ltr'><strong>commune</strong></span> 
     </span>
     <span class='ocr_line' id='line_1_17' title="bbox 78 2206 1176 2288; baseline 0.002 -20"><span class='ocrx_word' id='word_1_132' title='bbox 78 2206 251 2288; x_wconf 81' lang='lat' dir='ltr'><strong>generavit,</strong></span> <span class='ocrx_word' id='word_1_133' title='bbox 281 2206 441 2287; x_wconf 79' lang='lat' dir='ltr'><strong>usurpatio,</strong></span> <span class='ocrx_word' id='word_1_134' title='bbox 464 2206 510 2268; x_wconf 92' lang='lat' dir='ltr'><strong>ius</strong></span> <span class='ocrx_word' id='word_1_135' title='bbox 540 2207 609 2268; x_wconf 88' lang='lat' dir='ltr'><strong>lecit</strong></span> <span class='ocrx_word' id='word_1_136' title='bbox 638 2206 793 2288; x_wconf 86' lang='lat' dir='ltr'><strong>privatum.</strong></span> <span class='ocrx_word' id='word_1_137' title='bbox 839 2207 905 2281; x_wconf 82' lang='lat' dir='ltr'><strong>Quo</strong></span> <span class='ocrx_word' id='word_1_138' title='bbox 939 2208 968 2269; x_wconf 92' lang='lat' dir='ltr'><strong>in</strong></span> <span class='ocrx_word' id='word_1_139' title='bbox 995 2208 1064 2271; x_wconf 90' lang='lat' dir='ltr'><strong>loco</strong></span> <span class='ocrx_word' id='word_1_140' title='bbox 1095 2209 1176 2273; x_wconf 84' lang='lat' dir='ltr'><strong>aiunt</strong></span> 
     </span>
     <span class='ocr_line' id='line_1_18' title="bbox 79 2319 1194 2403; baseline 0.004 -20"><span class='ocrx_word' id='word_1_141' title='bbox 79 2320 231 2402; x_wconf 84' lang='lat' dir='ltr'><strong>placuisse</strong></span> <span class='ocrx_word' id='word_1_142' title='bbox 253 2319 377 2398; x_wconf 84' lang='lat' dir='ltr'><strong>Stoicis,</strong></span> <span class='ocrx_word' id='word_1_143' title='bbox 413 2338 489 2400; x_wconf 86' lang='lat' dir='ltr'><strong>quae</strong></span> <span class='ocrx_word' id='word_1_144' title='bbox 519 2321 548 2382; x_wconf 90' lang='lat' dir='ltr'><strong>in</strong></span> <span class='ocrx_word' id='word_1_145' title='bbox 579 2322 667 2382; x_wconf 88' lang='lat' dir='ltr'><strong>terris</strong></span> <span class='ocrx_word' id='word_1_146' title='bbox 696 2322 872 2403; x_wconf 80' lang='lat' dir='ltr'><strong>gignantur,</strong></span> <span class='ocrx_word' id='word_1_147' title='bbox 908 2323 1006 2384; x_wconf 87' lang='lat' dir='ltr'><strong>omnia</strong></span> <span class='ocrx_word' id='word_1_148' title='bbox 1035 2323 1071 2386; x_wconf 88' lang='lat' dir='ltr'><strong>ad</strong></span> <span class='ocrx_word' id='word_1_149' title='bbox 1103 2339 1194 2387; x_wconf 86' lang='lat' dir='ltr'><strong>usus·</strong></span> 
     </span>
     <span class='ocr_line' id='line_1_19' title="bbox 80 2434 1175 2520; baseline 0.002 -22"><span class='ocrx_word' id='word_1_150' title='bbox 80 2435 232 2499; x_wconf 87' lang='lat' dir='ltr'><strong>hominum</strong></span> <span class='ocrx_word' id='word_1_151' title='bbox 255 2435 351 2498; x_wconf 79' lang='lat' dir='ltr'><strong>creari</strong></span> <span class='ocrx_word' id='word_1_152' title='bbox 358 2455 367 2510; x_wconf 91' lang='lat'>;</span> <span class='ocrx_word' id='word_1_153' title='bbox 400 2434 535 2497; x_wconf 86' lang='lat' dir='ltr'><strong>honrines</strong></span> <span class='ocrx_word' id='word_1_154' title='bbox 558 2442 656 2498; x_wconf 86' lang='lat' dir='ltr'><strong>nutem</strong></span> <span class='ocrx_word' id='word_1_155' title='bbox 685 2435 835 2515; x_wconf 89' lang='lat' dir='ltr'><strong>hominum</strong></span> <span class='ocrx_word' id='word_1_156' title='bbox 865 2454 1046 2499; x_wconf 82' lang='lat' dir='ltr'><strong>consuesse</strong></span> <span class='ocrx_word' id='word_1_157' title='bbox 1075 2455 1175 2520; x_wconf 82' lang='lat' dir='ltr'><strong>gene-</strong></span> 
     </span>
     <span class='ocr_line' id='line_1_20' title="bbox 80 2549 944 2631; baseline -0.002 -19"><span class='ocrx_word' id='word_1_158' title='bbox 80 2557 183 2628; x_wconf 84' lang='lat' dir='ltr'><strong>ratos,</strong></span> <span class='ocrx_word' id='word_1_159' title='bbox 206 2555 237 2611; x_wconf 90' lang='lat' dir='ltr'><strong>ut</strong></span> <span class='ocrx_word' id='word_1_160' title='bbox 259 2549 315 2630; x_wconf 91' lang='lat' dir='ltr'><strong>ipsi</strong></span> <span class='ocrx_word' id='word_1_161' title='bbox 338 2549 415 2610; x_wconf 89' lang='lat' dir='ltr'><strong>inter</strong></span> <span class='ocrx_word' id='word_1_162' title='bbox 437 2566 471 2610; x_wconf 91' lang='lat' dir='ltr'><strong>se</strong></span> <span class='ocrx_word' id='word_1_163' title='bbox 495 2549 559 2611; x_wconf 80' lang='lat' dir='ltr'><strong>eliis</strong></span> <span class='ocrx_word' id='word_1_164' title='bbox 582 2549 629 2612; x_wconf 88' lang='lat' dir='ltr'><strong>olii</strong></span> <span class='ocrx_word' id='word_1_165' title='bbox 653 2549 799 2631; x_wconf 84' lang='lat' dir='ltr'><strong>prodesse</strong></span> <span class='ocrx_word' id='word_1_166' title='bbox 821 2551 944 2631; x_wconf 86' lang='lat' dir='ltr'><strong>possint.</strong></span> 
     </span>
    </p>

    <p class='ocr_par' dir='ltr' id='par_1_5' title="bbox 79 2660 1228 3661">
     <span class='ocr_line' id='line_1_21' title="bbox 172 2660 1176 2745; baseline 0 -19"><span class='ocrx_word' id='word_1_167' title='bbox 172 2660 242 2728; x_wconf 89' lang='grc'><strong>133.</strong></span> <span class='ocrx_word' id='word_1_168' title='bbox 299 2662 383 2726; x_wconf 89' lang='lat' dir='ltr'><strong>Unde</strong></span> <span class='ocrx_word' id='word_1_169' title='bbox 417 2662 495 2742; x_wconf 89' lang='lat' dir='ltr'><strong>hoo,</strong></span> <span class='ocrx_word' id='word_1_170' title='bbox 529 2663 586 2727; x_wconf 91' lang='lat' dir='ltr'><strong>nisi</strong></span> <span class='ocrx_word' id='word_1_171' title='bbox 621 2665 658 2727; x_wconf 86' lang='lat' dir='ltr'><strong>de</strong></span> <span class='ocrx_word' id='word_1_172' title='bbox 691 2666 802 2728; x_wconf 90' lang='lat' dir='ltr'><strong>nostris</strong></span> <span class='ocrx_word' id='word_1_173' title='bbox 834 2665 986 2745; x_wconf 91' lang='lat' dir='ltr'><strong>scripturis</strong></span> <span class='ocrx_word' id='word_1_174' title='bbox 1020 2663 1176 2727; x_wconf 88' lang='lat' dir='ltr'><strong>dicendum</strong></span> 
     </span>
     <span class='ocr_line' id='line_1_22' title="bbox 80 2764 1175 2862; baseline -0.002 -19"><span class='ocrx_word' id='word_1_175' title='bbox 80 2764 336 2860; x_wconf 81' lang='lat' dir='ltr'><strong>adsumpserunt?</strong></span> <span class='ocrx_word' id='word_1_176' title='bbox 389 2778 512 2861; x_wconf 81' lang='lat' dir='ltr'><strong>Moyses</strong></span> <span class='ocrx_word' id='word_1_177' title='bbox 545 2779 622 2840; x_wconf 88' lang='lat' dir='ltr'><strong>enim</strong></span> <span class='ocrx_word' id='word_1_178' title='bbox 655 2779 793 2859; x_wconf 84' lang='lat' dir='ltr'><strong>scripsit,</strong></span> <span class='ocrx_word' id='word_1_179' title='bbox 823 2779 896 2859; x_wconf 74' lang='lat' dir='ltr'><strong>quin</strong></span> <span class='ocrx_word' id='word_1_180' title='bbox 931 2778 1004 2840; x_wconf 81' lang='lat' dir='ltr'><strong>dixit</strong></span> <span class='ocrx_word' id='word_1_181' title='bbox 1037 2778 1125 2841; x_wconf 88' lang='lat' dir='ltr'><strong>dous:</strong></span> <span class='ocrx_word' id='word_1_182' title='bbox 1143 2775 1175 2862; x_wconf 82' lang='lat'><strong>²)</strong></span> 
     </span>
     <span class='ocr_line' id='line_1_23' title="bbox 80 2891 1175 2972; baseline -0.002 -16"><span class='ocrx_word' id='word_1_183' title='bbox 80 2895 249 2956; x_wconf 78' lang='lat' dir='ltr'><strong>Faciamus</strong></span> <span class='ocrx_word' id='word_1_184' title='bbox 272 2893 425 2955; x_wconf 78' lang='lat' dir='ltr'><strong>docuinam</strong></span> <span class='ocrx_word' id='word_1_185' title='bbox 448 2893 491 2953; x_wconf 87' lang='lat' dir='ltr'><strong>ad</strong></span> <span class='ocrx_word' id='word_1_186' title='bbox 513 2891 677 2972; x_wconf 81' lang='lat' dir='ltr'><strong>imapincm</strong></span> <span class='ocrx_word' id='word_1_187' title='bbox 699 2900 839 2954; x_wconf 83' lang='lat' dir='ltr'><strong>nostram</strong></span> <span class='ocrx_word' id='word_1_188' title='bbox 854 2899 884 2953; x_wconf 89' lang='lat' dir='ltr'><strong>et</strong></span> <span class='ocrx_word' id='word_1_189' title='bbox 897 2893 1065 2956; x_wconf 79' lang='lat' dir='ltr'><strong>secundam</strong></span> <span class='ocrx_word' id='word_1_190' title='bbox 1086 2892 1175 2956; x_wconf 81' lang='lat' dir='ltr'><strong>aimi-</strong></span> 
     </span>
     <span class='ocr_line' id='line_1_24' title="bbox 81 3005 1176 3084; baseline -0.003 -13"><span class='ocrx_word' id='word_1_191' title='bbox 81 3009 262 3084; x_wconf 79' lang='lat' dir='ltr'><strong>litadinem,</strong></span> <span class='ocrx_word' id='word_1_192' title='bbox 286 3015 317 3068; x_wconf 86' lang='lat' dir='ltr'><strong>ct</strong></span> <span class='ocrx_word' id='word_1_193' title='bbox 338 3005 452 3068; x_wconf 78' lang='lat' dir='ltr'><strong>dodaci</strong></span> <span class='ocrx_word' id='word_1_194' title='bbox 470 3013 653 3084; x_wconf 79' lang='lat' dir='ltr'><strong>potestatem</strong></span> <span class='ocrx_word' id='word_1_195' title='bbox 672 3006 810 3084; x_wconf 81' lang='lat' dir='ltr'><strong>piscium</strong></span> <span class='ocrx_word' id='word_1_196' title='bbox 831 3007 929 3069; x_wconf 81' lang='lat' dir='ltr'><strong>maris</strong></span> <span class='ocrx_word' id='word_1_197' title='bbox 951 3014 981 3069; x_wconf 87' lang='lat' dir='ltr'><strong>et</strong></span> <span class='ocrx_word' id='word_1_198' title='bbox 1002 3008 1176 3070; x_wconf 79' lang='lat' dir='ltr'><strong>volatilium</strong></span> 
     </span>
     <span class='ocr_line' id='line_1_25' title="bbox 81 3120 1177 3202; baseline -0.001 -17"><span class='ocrx_word' id='word_1_199' title='bbox 81 3124 165 3186; x_wconf 84' lang='lat' dir='ltr'><strong>caeli</strong></span> <span class='ocrx_word' id='word_1_200' title='bbox 192 3130 222 3184; x_wconf 88' lang='lat' dir='ltr'><strong>ct</strong></span> <span class='ocrx_word' id='word_1_201' title='bbox 245 3139 394 3202; x_wconf 82' lang='lat' dir='ltr'><strong>pecorum</strong></span> <span class='ocrx_word' id='word_1_202' title='bbox 424 3127 453 3181; x_wconf 80' lang='lat' dir='ltr'><strong>et</strong></span> <span class='ocrx_word' id='word_1_203' title='bbox 485 3120 619 3182; x_wconf 79' lang='lat' dir='ltr'><strong>ominium</strong></span> <span class='ocrx_word' id='word_1_204' title='bbox 649 3120 820 3200; x_wconf 81' lang='lat' dir='ltr'><strong>repentium</strong></span> <span class='ocrx_word' id='word_1_205' title='bbox 849 3138 944 3198; x_wconf 81' lang='lat' dir='ltr'><strong>snper·</strong></span> <span class='ocrx_word' id='word_1_206' title='bbox 972 3129 1093 3184; x_wconf 83' lang='lat' dir='ltr'><strong>terram.</strong></span> <span class='ocrx_word' id='word_1_207' title='bbox 1137 3121 1177 3184; x_wconf 85' lang='lat' dir='ltr'><strong>Et</strong></span> 
     </span>
     <span class='ocr_line' id='line_1_26' title="bbox 79 3231 1178 3319; baseline -0.002 -20"><span class='ocrx_word' id='word_1_208' title='bbox 79 3235 179 3300; x_wconf 88' lang='lat' dir='ltr'><strong>Dnvid</strong></span> <span class='ocrx_word' id='word_1_209' title='bbox 208 3236 261 3297; x_wconf 83' lang='lat' dir='ltr'><strong>ait:</strong></span> <span class='ocrx_word' id='word_1_210' title='bbox 278 3231 310 3319; x_wconf 80' lang='grc'><strong>3)</strong></span> <span class='ocrx_word' id='word_1_211' title='bbox 347 3232 459 3295; x_wconf 83' lang='lat' dir='ltr'><strong>Omnia</strong></span> <span class='ocrx_word' id='word_1_212' title='bbox 490 3232 652 3295; x_wconf 79' lang='lat' dir='ltr'><strong>subiecisti</strong></span> <span class='ocrx_word' id='word_1_213' title='bbox 682 3233 740 3295; x_wconf 79' lang='lat' dir='ltr'><strong>sud</strong></span> <span class='ocrx_word' id='word_1_214' title='bbox 766 3233 902 3312; x_wconf 80' lang='lat' dir='ltr'><strong>pedidus</strong></span> <span class='ocrx_word' id='word_1_215' title='bbox 932 3235 1015 3313; x_wconf 82' lang='lat' dir='ltr'><strong>elas,</strong></span> <span class='ocrx_word' id='word_1_216' title='bbox 1051 3254 1124 3299; x_wconf 81' lang='lat' dir='ltr'><strong>coos</strong></span> <span class='ocrx_word' id='word_1_217' title='bbox 1147 3242 1178 3298; x_wconf 84' lang='lat' dir='ltr'><strong>et</strong></span> 
     </span>
     <span class='ocr_line' id='line_1_27' title="bbox 80 3349 1176 3429; baseline 0 -17"><span class='ocrx_word' id='word_1_218' title='bbox 80 3351 178 3414; x_wconf 82' lang='lat' dir='ltr'><strong>boves</strong></span> <span class='ocrx_word' id='word_1_219' title='bbox 200 3350 384 3425; x_wconf 80' lang='lat' dir='ltr'><strong>universas,</strong></span> <span class='ocrx_word' id='word_1_220' title='bbox 415 3349 544 3427; x_wconf 82' lang='lat' dir='ltr'><strong>insuper</strong></span> <span class='ocrx_word' id='word_1_221' title='bbox 566 3357 596 3410; x_wconf 87' lang='lat' dir='ltr'><strong>ct</strong></span> <span class='ocrx_word' id='word_1_222' title='bbox 612 3367 732 3429; x_wconf 84' lang='lat' dir='ltr'><strong>pecora</strong></span> <span class='ocrx_word' id='word_1_223' title='bbox 765 3350 884 3427; x_wconf 78' lang='lat' dir='ltr'><strong>canapi,</strong></span> <span class='ocrx_word' id='word_1_224' title='bbox 916 3351 1061 3413; x_wconf 82' lang='lat' dir='ltr'><strong>volucres</strong></span> <span class='ocrx_word' id='word_1_225' title='bbox 1095 3350 1176 3412; x_wconf 83' lang='lat' dir='ltr'><strong>caeli</strong></span> 
     </span>
     <span class='ocr_line' id='line_1_28' title="bbox 81 3462 1176 3546; baseline 0 -17"><span class='ocrx_word' id='word_1_226' title='bbox 81 3472 115 3529; x_wconf 84' lang='lat' dir='ltr'><strong>ct</strong></span> <span class='ocrx_word' id='word_1_227' title='bbox 130 3465 237 3546; x_wconf 81' lang='lat' dir='ltr'><strong>pisces</strong></span> <span class='ocrx_word' id='word_1_228' title='bbox 258 3467 365 3527; x_wconf 86' lang='lat' dir='ltr'><strong>maris.</strong></span> <span class='ocrx_word' id='word_1_229' title='bbox 409 3462 492 3546; x_wconf 81' lang='lat' dir='ltr'><strong>Ergo</strong></span> <span class='ocrx_word' id='word_1_230' title='bbox 516 3462 612 3526; x_wconf 85' lang='lat' dir='ltr'><strong>omnia</strong></span> <span class='ocrx_word' id='word_1_231' title='bbox 634 3462 766 3526; x_wconf 84' lang='lat' dir='ltr'><strong>subiecto</strong></span> <span class='ocrx_word' id='word_1_232' title='bbox 782 3480 850 3526; x_wconf 88' lang='lat' dir='ltr'><strong>csse</strong></span> <span class='ocrx_word' id='word_1_233' title='bbox 872 3463 983 3526; x_wconf 91' lang='lat' dir='ltr'><strong>homini</strong></span> <span class='ocrx_word' id='word_1_234' title='bbox 1006 3463 1044 3526; x_wconf 85' lang='lat' dir='ltr'><strong>de</strong></span> <span class='ocrx_word' id='word_1_235' title='bbox 1066 3464 1176 3529; x_wconf 89' lang='lat' dir='ltr'><strong>nostris</strong></span> 
     </span>
     <span class='ocr_line' id='line_1_29' title="bbox 81 3570 1228 3661; baseline 0.003 -19"><span class='ocrx_word' id='word_1_236' title='bbox 81 3578 250 3642; x_wconf 87' lang='lat' dir='ltr'><strong>didicerunt</strong></span> <span class='ocrx_word' id='word_1_237' title='bbox 280 3587 310 3642; x_wconf 87' lang='lat' dir='ltr'><strong>ct</strong></span> <span class='ocrx_word' id='word_1_238' title='bbox 337 3577 406 3640; x_wconf 88' lang='lat' dir='ltr'><strong>idco</strong></span> <span class='ocrx_word' id='word_1_239' title='bbox 439 3582 563 3640; x_wconf 87' lang='lat' dir='ltr'><strong>consent</strong></span> <span class='ocrx_word' id='word_1_240' title='bbox 593 3582 715 3658; x_wconf 88' lang='lat' dir='ltr'><strong>propter</strong></span> <span class='ocrx_word' id='word_1_241' title='bbox 744 3575 893 3640; x_wconf 88' lang='lat' dir='ltr'><strong>hominem</strong></span> <span class='ocrx_word' id='word_1_242' title='bbox 925 3595 993 3641; x_wconf 84' lang='lat' dir='ltr'><strong>esse</strong></span> <span class='ocrx_word' id='word_1_243' title='bbox 1023 3570 1228 3661; x_wconf 54' lang='lat' dir='ltr'><strong>generata*</strong></span> 
     </span>
    </p>

    <p class='ocr_par' dir='ltr' id='par_1_6' title="bbox 82 3689 1177 3891">
     <span class='ocr_line' id='line_1_30' title="bbox 174 3689 1176 3774; baseline 0.003 -20"><span class='ocrx_word' id='word_1_244' title='bbox 174 3689 244 3756; x_wconf 79' lang='grc'><strong>134.</strong></span> <span class='ocrx_word' id='word_1_245' title='bbox 289 3693 442 3755; x_wconf 86' lang='lat' dir='ltr'><strong>Hominem</strong></span> <span class='ocrx_word' id='word_1_246' title='bbox 477 3709 596 3772; x_wconf 88' lang='lat' dir='ltr'><strong>quoque</strong></span> <span class='ocrx_word' id='word_1_247' title='bbox 627 3690 753 3754; x_wconf 89' lang='lat' dir='ltr'><strong>hominis</strong></span> <span class='ocrx_word' id='word_1_248' title='bbox 785 3708 874 3755; x_wconf 79' lang='lat' dir='ltr'><strong>causa</strong></span> <span class='ocrx_word' id='word_1_249' title='bbox 903 3701 1077 3774; x_wconf 81' lang='lat' dir='ltr'><strong>generatum</strong></span> <span class='ocrx_word' id='word_1_250' title='bbox 1108 3710 1176 3757; x_wconf 89' lang='lat' dir='ltr'><strong>esse</strong></span> 
     </span>
     <span class='ocr_line' id='line_1_31' title="bbox 82 3804 1177 3891; baseline 0 -21"><span class='ocrx_word' id='word_1_251' title='bbox 82 3807 219 3872; x_wconf 86' lang='lat' dir='ltr'><strong>inlibris</strong></span> <span class='ocrx_word' id='word_1_252' title='bbox 241 3806 339 3890; x_wconf 79' lang='lat' dir='ltr'><strong>Moysi</strong></span> <span class='ocrx_word' id='word_1_253' title='bbox 361 3807 527 3890; x_wconf 89' lang='lat' dir='ltr'><strong>reperimus</strong></span> <span class='ocrx_word' id='word_1_254' title='bbox 551 3806 667 3869; x_wconf 88' lang='lat' dir='ltr'><strong>dicente</strong></span> <span class='ocrx_word' id='word_1_255' title='bbox 691 3807 828 3871; x_wconf 88' lang='lat' dir='ltr'><strong>domino:</strong></span> <span class='ocrx_word' id='word_1_256' title='bbox 842 3804 874 3891; x_wconf 82' lang='lat'><strong>⁴)</strong></span> <span class='ocrx_word' id='word_1_257' title='bbox 902 3808 973 3871; x_wconf 85' lang='lat' dir='ltr'><strong>Non</strong></span> <span class='ocrx_word' id='word_1_258' title='bbox 996 3816 1043 3871; x_wconf 83' lang='lat' dir='ltr'><strong>cst</strong></span> <span class='ocrx_word' id='word_1_259' title='bbox 1064 3807 1177 3871; x_wconf 83' lang='lat' dir='ltr'><strong>donum</strong></span> 
     </span>
    </p>
   </div>
   <div class='ocr_carea' id='block_1_3' title="bbox 84 4065 1175 4225">
    <p class='ocr_par' dir='ltr' id='par_1_7' title="bbox 84 4065 1175 4225">
     <span class='ocr_line' id='line_1_32' title="bbox 157 4065 1175 4140; baseline -0.001 -18"><span class='ocrx_word' id='word_1_260' title='bbox 157 4070 186 4140; x_wconf 87' lang='lat'><strong>1)</strong></span> <span class='ocrx_word' id='word_1_261' title='bbox 209 4068 269 4123; x_wconf 81' lang='lat' dir='ltr'><strong>Luc.</strong></span> <span class='ocrx_word' id='word_1_262' title='bbox 294 4068 321 4137; x_wconf 86' lang='grc'><strong>9,</strong></span> <span class='ocrx_word' id='word_1_263' title='bbox 347 4067 389 4120; x_wconf 85' lang='grc'><strong>56.</strong></span> <span class='ocrx_word' id='word_1_264' title='bbox 489 4068 518 4135; x_wconf 81' lang='grc'><strong>2)</strong></span> <span class='ocrx_word' id='word_1_265' title='bbox 543 4065 634 4122; x_wconf 80' lang='lat' dir='ltr'><strong>denas.</strong></span> <span class='ocrx_word' id='word_1_266' title='bbox 660 4066 685 4135; x_wconf 86' lang='lat'><strong>1,</strong></span> <span class='ocrx_word' id='word_1_267' title='bbox 709 4066 751 4121; x_wconf 81' lang='lat'><strong>26.</strong></span> <span class='ocrx_word' id='word_1_268' title='bbox 856 4068 886 4140; x_wconf 81' lang='lat'><strong>3)</strong></span> <span class='ocrx_word' id='word_1_269' title='bbox 912 4067 1002 4124; x_wconf 80' lang='lat' dir='ltr'><strong>Pralnr.</strong></span> <span class='ocrx_word' id='word_1_270' title='bbox 1028 4067 1054 4138; x_wconf 83' lang='lat'><strong>8,</strong></span> <span class='ocrx_word' id='word_1_271' title='bbox 1077 4067 1094 4120; x_wconf 87' lang='lat'>8</span> <span class='ocrx_word' id='word_1_272' title='bbox 1121 4083 1175 4139; x_wconf 79' lang='lat' dir='ltr'><strong>seq.</strong></span> 
     </span>
     <span class='ocr_line' id='line_1_33' title="bbox 84 4154 327 4225; baseline -0.012 -14"><span class='ocrx_word' id='word_1_273' title='bbox 84 4159 114 4225; x_wconf 82' lang='grc'><strong>4)</strong></span> <span class='ocrx_word' id='word_1_274' title='bbox 132 4154 225 4216; x_wconf 66' lang='lat' dir='ltr'><strong>aenon</strong></span> <span class='ocrx_word' id='word_1_275' title='bbox 242 4157 269 4223; x_wconf 78' lang='lat'><strong>2,</strong></span> <span class='ocrx_word' id='word_1_276' title='bbox 286 4154 327 4211; x_wconf 86' lang='grc'><strong>18.</strong></span> 
     </span>
    </p>
   </div>
   <div class='ocr_carea' id='block_1_4' title="bbox 0 0 1354 4666">
    <p class='ocr_par' dir='ltr' id='par_1_8' title="bbox 0 0 1354 4666">
     <span class='ocr_line' id='line_1_34' title="bbox 0 0 1354 4666; baseline 0 0"><span class='ocrx_word' id='word_1_277' title='bbox 0 0 1354 4666; x_wconf 95' lang='lat' dir='ltr'><strong> </strong></span> 
     </span>
    </p>
   </div>
  </div>
 </body>
</html>
