2692 4666
122 307 184 371 112
560 304 585 358 S.
604 303 758 360 ansnosu

121 465 270 545 nascitur,
303 484 390 547 quarn
421 472 560 549 acceptae
591 467 768 550 plerumque
799 467 934 532 accendit
961 467 1086 532 iniuriae
1118 467 1214 533 dolor.

121 580 165 644 De
186 599 245 662 quo
264 581 335 645 satis
353 599 410 647 nos
428 582 542 666 psalmi,
564 600 653 664 quaem
677 583 709 647 iu
727 583 914 666 praefatione
936 583 1099 666 posuimus,
1121 601 1216 666 prae·

123 704 207 777 cepta
235 695 391 759 instruunt.
435 696 561 759 Pulchre
594 704 692 760 autern
713 703 744 760 et
765 697 825 761 hoc
855 695 979 777 accidit,
1012 703 1045 761 ut
1074 697 1214 780 scripturi

124 809 161 871 de
185 808 291 872 officiis
313 827 349 872 ea
372 809 565 890 praefationis
591 815 712 874 nostrae
734 809 907 877 adsertione
936 817 1110 893 uteremur,
1140 829 1218 894 quae

124 928 154 985 et
175 923 238 1004 ipsa
261 923 298 986 ad
321 920 412 986 officii
434 922 637 1006 magisterium
659 923 832 1003 pertineret

210 1035 282 1102 232.
340 1034 400 1102 Sed
436 1036 506 1118 quia
541 1054 652 1119 supra,
696 1046 731 1102 ut
771 1039 946 1120 oportebat,
990 1036 1219 1121 perstrinximus

124 1149 371 1235 quemadmodum
400 1151 607 1233 unusquisque
637 1169 746 1215 cavere
776 1153 888 1234 possit,
919 1170 959 1216 ne
989 1152 1138 1215 excitetur
1164 1169 1220 1216 ac·

124 1270 211 1347 cepta
232 1263 356 1342 iniuria,
378 1269 537 1343 verentes,
558 1283 598 1326 ne
620 1262 766 1346 praefatio
789 1265 935 1347 prolixior
956 1265 1057 1345 tieret,
1080 1283 1161 1329 nunc
1183 1265 1221 1328 de

126 1397 163 1444 eo
185 1378 307 1443 uberius
341 1375 546 1458 disputandum
570 1379 707 1442 arbitror.
753 1379 852 1443 Locus
875 1379 954 1442 enim
975 1383 1142 1461 oportunus
1166 1384 1221 1458 est,

125 1494 210 1556 utin
232 1491 364 1575 partibus
386 1493 598 1575 temperantiae
621 1492 751 1558 dicamus
775 1493 1020 1575 quemadmodum
1042 1494 1222 1575 reprimatur

126 1605 286 1670 iracundia.

493 1812 666 1881 CAPUT
701 1811 856 1880 XLVIII.

131 1981 251 2050 Repetite
272 1979 473 2049 compescendae
491 1977 638 2030 iracundiae
657 1984 807 2047 argumento
821 1985 874 2030 tres
890 1991 987 2043 eorum,
1007 1978 1049 2047 qui
1066 1977 1225 2034 lacessuntur

1 2099 7 2112 ·
130 2069 247 2135 iniuriis,
278 2068 381 2121 ordines
405 2067 575 2137 explicantur,
603 2065 636 2117 ad
662 2081 769 2134 quorum
796 2063 1008 2132 perfectissimum
1034 2065 1167 2134 apestolus
1193 2083 1226 2120 ac

130 2154 211 2208 David
229 2155 346 2209 dicuntur
376 2157 539 2225 pervenissc;
568 2153 610 2205 ubi
629 2169 660 2206 ex
679 2153 814 2206 occasione
841 2152 967 2222 quaedam
984 2151 1058 2207 huius
1076 2169 1107 2206 ac
1124 2152 1226 2209 lutuno

481 2245 551 2296 vitae
570 2241 700 2294 traduntur
718 2240 870 2294 discrimina.

219 2403 292 2471 233.
337 2405 406 2469 Tria
435 2406 535 2486 itaque
563 2422 677 2488 genera
707 2420 776 2467 esse
803 2401 954 2464 hominum
984 2402 1119 2466 iniuriam
1141 2402 1226 2469 acci-

133 2517 275 2602 pientium
297 2520 327 2582 in
356 2517 511 2599 scripturis
541 2516 647 2580 divinis
678 2515 883 2579 demonstrare
912 2514 1067 2597 volumus,
1099 2518 1126 2581 si
1148 2535 1226 2602 pos-

133 2618 244 2699 sumus.
281 2633 376 2696 Unum
399 2638 446 2695 est
468 2650 582 2711 eorum,
606 2632 712 2712 quibus
728 2636 870 2713 peccator
884 2628 1013 2711 insultat,
1035 2632 1225 2718 convitiatum,

134 2749 285 2832 inequitat.
330 2746 369 2809 lis
390 2746 460 2828 quia
482 2745 568 2810 deest
589 2746 708 2826 iustitia,
731 2744 828 2828 pudor
847 2743 964 2823 crescit,
987 2751 1114 2828 augetur
1127 2747 1225 2815 dolor.
1265 2830 1268 2837 Ι

135 2861 249 2925 llorum
271 2860 382 2926 similes
403 2859 520 2943 plurimi
543 2860 581 2923 de
602 2877 670 2923 meo
694 2857 809 2938 ordine,
833 2856 870 2920 de
890 2874 959 2920 neo
974 2878 1107 2927 numero.
1151 2863 1226 2930 Nam

134 2976 204 3038 milri
233 2963 348 3039 infirmo
377 2976 404 3038 si
431 2977 497 3056 quis
525 2976 660 3039 iniuriam
688 2976 791 3054 iaciat,
822 2973 964 3054 forsitan,
993 2974 1062 3038 licet
1083 2976 1226 3060 infirmus,

136 3092 244 3156 donem
274 3090 409 3153 iniuriam
438 3108 541 3153 meam.
587 3089 618 3156 Si
648 3092 760 3154 crimen
791 3090 917 3168 obiciat,
946 3106 1007 3152 non
1029 3108 1096 3154 sum
1117 3098 1227 3176 tantus,

135 3211 168 3269 ut
189 3205 245 3269 sim
266 3209 423 3270 contentus
451 3205 632 3269 conscientia
660 3223 743 3284 mea,
776 3205 863 3267 etiam
892 3204 917 3265 si
945 3220 994 3266 me
1023 3204 1088 3268 eius
1118 3207 1228 3271 obiecti

136 3321 264 3384 alienum
285 3319 440 3398 noverim,
471 3319 526 3383 sed
557 3320 644 3402 cupio
675 3320 797 3384 abluere
826 3315 948 3402 ingenui
975 3318 1098 3402 pudoris
1127 3328 1228 3386 notam
1282 3308 1285 3311 ¹

136 3441 282 3519 tamquam
312 3434 453 3499 infirmus.
496 3435 578 3520 Ergo
610 3436 727 3500 oculum
759 3454 814 3517 pro
844 3433 932 3499 oculo
962 3440 994 3497 et
1024 3432 1143 3500 dentem
1170 3454 1228 3519 pro

138 3548 227 3614 dente
249 3551 340 3635 exigo
364 3556 394 3613 et
416 3550 575 3615 convitium
598 3551 728 3614 convitio
751 3548 895 3632 rependo.

225 3664 298 3731 234.
344 3664 375 3731 Si
396 3682 471 3728 vero
493 3665 518 3728 is
541 3683 624 3744 sum,
657 3665 707 3746 qui
729 3664 897 3746 proficiam,
920 3666 978 3726 etsi
998 3663 1130 3727 nondum
1153 3684 1228 3748 per-

139 3781 251 3860 lectus,
275 3798 335 3843 non
357 3785 520 3861 retorqueo
544 3779 769 3856 contumeliam3
796 3783 826 3841 et
847 3780 873 3840 si
894 3777 997 3841 influat
1018 3778 1069 3841 ille
1091 3781 1228 3844 convitiis

140 3900 170 3959 et
197 3894 319 3958 inundet
347 3911 436 3958 aures
466 3911 548 3958 meas
575 3893 780 3974 contumeliis,
811 3910 870 3975 ego
900 3899 986 3956 taceo
1015 3897 1046 3956 et
1073 3886 1145 3956 nilss
1172 3911 1228 3957 re-

140 4007 285 4092 spondeo.

228 4119 300 4189 235.
345 4122 377 4190 Si
404 4140 478 4189 vero
507 4120 659 4206 perlectus
680 4120 737 4186 sim
760 4116 865 4204 (verbi
886 4121 982 4204 gratia
1003 4119 1131 4202 loquor3
1161 4136 1229 4186 nam
