2692 4666
122 319 185 387 392
513 370 516 376 ,
542 309 797 364 annonarionas

99 442 197 544 'supra
222 473 318 525 notovit
341 489 482 544 aurorum,
513 471 582 540 quod
606 470 701 522 habent
727 471 802 522 etiarn
828 469 885 524 libri
904 471 1018 525 Monuco.
1040 474 1215 545 editionesqne

122 563 223 616 Amerb.
245 561 340 613 erasm.
360 559 428 612 Cast.
441 559 529 613 Pistor.
543 559 625 624 Rom,
644 577 708 629 aqro
728 567 828 610 tuentur
840 558 909 612 Bebo
926 561 1142 614 concordantibus
1160 564 1214 616 edd.

122 650 175 704 Col.
195 650 260 702 Ich.
281 648 358 700 Maur.
378 647 441 700 Gilb.
477 647 535 698 Mos
552 652 718 702 rusticorum
736 647 778 698 dat
796 646 841 698 Bb.

193 761 216 824 §.
237 757 280 821 52,
301 758 323 807 1.
352 754 433 806 Deest
450 754 578 824 iqr’turin
597 752 671 806 codd.
691 752 805 805 dionaeo.
842 752 958 822 Sequens
976 764 1013 818 et,
1039 756 1108 824 quod
1127 756 1218 809 habent

123 847 182 900 edd.
202 843 257 897 cat.
277 843 343 894 nea.
363 841 466 894 dmerb.
486 841 564 893 Maur.
584 851 608 894 et
627 839 702 905 Gne,
723 842 796 892 omisi
816 841 996 909 praeeuntibus
1013 842 1087 894 libris
1106 844 1146 895 W.
1162 844 1217 897 IIo·

122 951 193 988 naco.
221 942 246 984 at
265 929 302 983 Ba
326 931 402 1000 quue
426 931 475 983 iam
500 937 658 999 erpuuxorat
675 928 787 993 Erasm,
813 946 887 998 quem
907 931 986 982 secuti
1002 939 1061 982 sunt
1080 930 1218 999 Costerius,

122 1022 244 1075 Pistoriae
267 1029 293 1073 et
316 1020 398 1071 editor
421 1018 494 1070 Rom.
532 1017 597 1068 Dein
621 1028 662 1072 est
686 1032 737 1068 uon
762 1018 879 1085 agnoseit
902 1015 945 1067 aa.
982 1016 1135 1086 Conspirent
1160 1020 1218 1072 edd.

123 1111 220 1169 Ernsm.
241 1108 308 1163 Cost.
327 1108 418 1160 Pistor.
439 1106 511 1158 Rom.
555 1106 583 1168 2.
609 1109 635 1160 Id
659 1116 752 1160 contra
778 1104 838 1157 dant
861 1104 954 1174 bIbcdg
981 1113 1006 1157 et
1031 1104 1083 1158 Rao
1109 1108 1218 1177 itemquo

124 1217 182 1271 edd.
199 1213 255 1267 Col.
272 1213 374 1267 Amerb.
394 1221 419 1265 et
436 1220 573 1282 sequentes
588 1210 700 1263 Maurina
719 1212 883 1280 antiquiores,
905 1182 930 1264 et
947 1221 1041 1266 eontra
1059 1211 1091 1264 ab
1111 1212 1167 1266 ead.
1188 1230 1218 1266 m.

120 1304 201 1360 habet
220 1303 263 1356 tlt.

598 1439 659 1510 Cap.
682 1439 746 1493 VIII.

194 1557 219 1619 §.
238 1553 281 1618 53,
301 1552 324 1603 2.
345 1555 373 1606 r'd
390 1567 438 1602 om.
459 1549 504 1603 Ba.

197 1660 221 1723 5.
244 1657 286 1722 st,
306 1657 328 1708 1.
350 1660 425 1714 valed
446 1657 485 1710 W.
505 1657 553 1709 na.
574 1655 620 1708 Bo.
641 1656 743 1710 dmerb.
764 1668 790 1710 et
807 1676 890 1730 seqq,
913 1665 1004 1732 catepd
1023 1660 1058 1713 ssa
1078 1669 1106 1713 et
1123 1659 1223 1729 dIbcefg

126 1763 147 1797 o.
170 1744 228 1796 odd.
247 1741 302 1794 Col.
321 1759 351 1793 ao
370 1741 451 1808 Med,
477 1747 585 1813 adalepd
603 1744 652 1796 IId.
690 1744 740 1798 Sed
764 1763 812 1799 scr.
839 1751 923 1816 potius
950 1751 1045 1803 Cbateb
1065 1745 1181 1814 (thsfl)
1201 1765 1222 1801 c.

126 1832 183 1885 cod.
210 1832 252 1883 Bc.
289 1831 351 1882 Tum
378 1834 411 1885 ud
434 1834 624 1901 explorandam
648 1837 730 1888 misai
752 1844 850 1887 terram
874 1835 952 1888 habet
977 1834 1026 1906 ng.
1073 1835 1098 1887 2.
1124 1840 1224 1906 quddam

126 1925 231 1976 uberem
250 1920 293 1971 dat
312 1919 438 1987 exemplar
457 1917 512 1971 Col.
549 1919 606 1971 Iiox
623 1925 806 1989 feracisar'mda
824 1916 872 1974 Mc.
914 1923 939 1976 3.
957 1927 1092 1993 infractus
1110 1926 1224 1994 popular

127 2007 173 2061 nb.
208 2007 273 2058 Dein
291 2011 449 2062 recursabat
468 2004 507 2056 W.
545 2005 583 2057 De
609 2009 799 2076 quasoriptura
820 2009 1054 2062 monuiadI.29.
1076 2010 1223 2076 §.1422

127 2097 151 2147 4.
171 2100 296 2151 suadebat
309 2094 348 2147 W.
379 2094 439 2146 Tum
458 2097 553 2148 diesne
568 2093 611 2158 atr,
629 2099 722 2149 tiresus
741 2095 780 2146 ed.
795 2096 850 2150 Col.
884 2096 950 2151 Dein
970 2101 1039 2152 caleb
1058 2097 1100 2148 W.
1120 2097 1169 2150 bia.
1189 2096 1224 2148 bb

127 2192 154 2235 et
171 2183 229 2235 edd.
249 2199 324 2250 supra
344 2190 566 2246 commemoratae,
587 2186 677 2252 calepti
694 2183 729 2235 Ba
749 2192 775 2235 et
794 2184 895 2253 Mbefg,
914 2186 974 2237 item
993 2185 1052 2238 edd.
1073 2183 1129 2236 Coi.
1150 2192 1225 2254 atque

130 2270 210 2335 bled,
235 2273 342 2338 ebalapd
358 2269 430 2336 Idcd,
455 2274 559 2336 obaleb,
579 2271 647 2339 quod
666 2287 755 2324 verum
774 2281 828 2340 est,
846 2272 889 2325 Bo.

233 2392 260 2445 P.
282 2394 338 2446 194.

201 2481 223 2534 1.
243 2481 302 2534 Post
319 2485 409 2536 utitem
428 2491 552 2534 commate
571 2483 745 2553 distinguatur.
782 2484 806 2536 2.
825 2483 1056 2553 ermerannus
1075 2495 1101 2539 et
1115 2503 1147 2539 ex
1161 2504 1225 2540 corr.

131 2571 179 2635 bia,
199 2573 324 2640 ediqabant
341 2570 415 2621 codd.
435 2570 491 2623 rell.
505 2588 527 2622 o.
543 2572 623 2625 editis.
655 2571 712 2623 Mox
731 2575 849 2626 decidere
865 2571 896 2622 W
909 2581 934 2625 ct
946 2572 1059 2626 Monacc.
1099 2576 1122 2626 3.
1140 2579 1228 2645 plebes

129 2661 434 2713 reclamabamdr'ceatea
447 2657 493 2710 Rb.
529 2660 554 2711 ⁴.
575 2663 718 2714 adversum
730 2659 771 2713 nr.
808 2659 869 2711 Tum
883 2664 966 2715 durae
979 2660 1014 2712 Ra
1028 2670 1053 2714 et
1066 2663 1132 2715 Mod.
1171 2663 1227 2714 Mos

129 2751 188 2815 fore
207 2762 239 2798 er
259 2761 323 2797 corr.
342 2749 539 2815 superscriptum
559 2750 584 2800 iu
604 2748 654 2799 nd.
687 2747 751 2800 Dein
770 2752 914 2804 cauendum
930 2747 1023 2801 Mbodi.
1060 2752 1085 2801 5.
1105 2749 1227 2803 CodIcum

131 2832 173 2884 alii
192 2838 221 2888 a'n
237 2838 349 2905 proelio,
369 2835 409 2887 aiii
428 2838 456 2889 in
473 2840 584 2906 praedio,
603 2835 639 2887 ec
659 2846 684 2888 ct
703 2837 744 2888 od.
764 2835 830 2888 IIIed.
850 2840 878 2890 r'a
895 2840 1034 2908 praedium.

203 2942 226 3005 s.
246 2940 288 3006 55,
303 2941 327 2993 3.
348 2945 474 3012 subplicio·
485 2941 526 3008 W,
544 2946 688 3013 reapplicir'e
702 2941 751 3012 IIg.
787 2943 874 2995 Statim
892 2945 1017 2998 indicaris
1053 2942 1129 2996 Mabi.
1150 2945 1228 2996 4-5.

131 3040 339 3083 racuaaauaram
357 3029 396 3082 W.
428 3029 484 3082 Vid.
504 3047 587 3098 sopra.
622 3030 646 3083 5.
666 3034 834 3101 pervenirent
852 3048 899 3099 pr,
918 3030 950 3082 ab
969 3048 989 3082 r.
1008 3037 1093 3082 autern
1112 3049 1144 3083 m.
1164 3051 1228 3102 per-

132 3125 258 3168 ueneram
277 3115 324 3181 ida,
343 3128 517 3186 percurrerunt
535 3120 609 3169 etIam
628 3118 682 3171 rell.
699 3119 813 3170 Monaoc.
850 3118 873 3170 6.
892 3121 1154 3174 demurmuraoeraat
1166 3117 1246 3187 Ebc,

133 3209 402 3260 immurmuraverant
425 3204 509 3275 vulg.,
535 3215 767 3261 murmuraverant
786 3205 816 3255 W
838 3214 863 3257 et
883 3203 1014 3271 dionaeo,
1041 3215 1230 3263 amurmuraoei·

134 3295 161 3358 (i.
175 3309 198 3344 e.
217 3302 464 3358 murmuraverant)
480 3294 523 3347 oa.
560 3295 585 3346 7.
605 3298 741 3364 capiebant
758 3295 783 3345 in
796 3309 846 3345 ras.
860 3292 899 3345 na
918 3293 1076 3362 eandemque
1092 3292 1229 3346 lectionem

134 3383 254 3436 exhibent
272 3385 353 3434 ceteri
372 3382 483 3436 dionaeo.
519 3382 584 3435 Maio
604 3394 701 3438 terram
720 3382 751 3433 W
771 3390 796 3434 et
816 3399 854 3450 pr.
873 3381 921 3434 na.
957 3380 982 3432 8.
1005 3385 1134 3436 vicesimo
1154 3382 1228 3434 eodd.

134 3480 159 3524 ct
178 3471 235 3523 edd.
256 3480 358 3537 praeter
371 3470 436 3523 Med.
450 3472 522 3525 Rom.
542 3472 620 3524 Maur.
641 3479 716 3541 atque
735 3469 808 3536 (tito,
828 3472 851 3522 in
871 3469 962 3540 quibus
981 3469 1075 3539 legitur
1092 3472 1228 3540 oiqem'mo.

133 3560 158 3611 9.
177 3557 226 3610 Pro
245 3562 361 3612 aliorum
375 3557 410 3610 Ba
428 3559 505 3611 habet
519 3578 617 3614 aarum.
654 3558 720 3610 Dein
737 3575 805 3628 pana
823 3557 921 3627 (paena
931 3555 995 3622 dici)
1014 3560 1095 3611 dilata
1111 3566 1151 3610 eet
1170 3556 1230 3607 dant

134 3644 236 3714 blbcdfg
255 3654 280 3697 et
299 3646 352 3712 Bb,
379 3651 460 3701 ditata
479 3659 518 3702 eat
534 3665 618 3717 poena
636 3647 696 3700 edd.
716 3646 818 3698 Amerb.
839 3653 864 3696 ct
882 3661 953 3713 seqq.
979 3653 1037 3696 ante
1056 3643 1135 3694 Maur.
1174 3643 1230 3694 Idox

134 3738 310 3789 ascenderunt
328 3735 401 3787 codd.
423 3743 447 3786 ot
467 3736 526 3787 edd.
553 3751 640 3787 omnes
665 3742 767 3802 praeter
785 3732 863 3784 Maur.
890 3740 966 3800 atque
985 3728 1065 3795 Gilb.,
1091 3733 1116 3782 in
1139 3730 1229 3800 quibus

135 3831 174 3874 est
193 3827 391 3878 adscenderunt.
427 3821 504 3873 Paqu
524 3832 583 3890 post
600 3826 679 3893 pdaqa
697 3824 767 3875 mala
784 3821 872 3887 scripsi
890 3836 912 3871 c.
933 3819 1008 3871 codd.
1021 3818 1052 3868 W
1069 3826 1096 3870 ot
1108 3817 1230 3881 Monacc,

136 3911 282 3979 quibuscum
307 3910 462 3963 concordant
487 3910 545 3962 edd.
571 3910 672 3962 Amerb.
700 3916 855 3977 ceteraeque
880 3915 939 3960 ante
964 3904 1056 3969 Iduum,
1084 3921 1130 3971 pro
1155 3909 1231 3977 plays

135 4016 245 4067 raraque,
274 4000 341 4067 quod
367 4006 448 4051 exstat
474 3999 499 4050 in
522 3997 593 4050 lIbris
618 3997 686 4049 Baba
712 4005 738 4048 et
762 3996 786 4047 in
813 3994 871 4046 edd.
892 3992 946 4047 001.
964 3991 1031 4044 Med.
1050 3991 1129 4044 Maur.
1154 4000 1231 4062 atque

137 4082 201 4136 Giih.
238 4085 333 4138 Vitiosa
359 4090 418 4141 iesu
442 4085 492 4152 Ba,
520 4090 612 4141 diosus
632 4085 662 4135 W
687 4092 714 4136 et
731 4081 774 4135 nr.
810 4081 883 4134 Couf.
908 4080 939 4132 ad
964 4084 989 4147 §.
1009 4081 1058 4147 54,
1077 4081 1103 4133 4.
1123 4095 1150 4148 p.
1173 4078 1229 4131 193.

136 4169 197 4233 tom
217 4177 302 4239 ararat
322 4183 392 4234 recto
411 4173 455 4233 Bu·
491 4172 576 4231 Ceteri
594 4173 651 4228 libri
670 4174 761 4227 eodem
779 4170 855 4226 modo
872 4172 979 4239 variant,
999 4177 1028 4223 ut
1042 4171 1066 4238 §.
1082 4168 1125 4237 54,
1140 4167 1154 4221 1
1167 4174 1194 4221 et
1205 4167 1229 4236 I,
