2692 4666
127 378 167 444 12
634 372 711 430 vna

125 543 222 599 torem
245 535 417 617 epistulam,
443 537 510 616 quia
534 537 599 617 ipse
621 537 804 618 intempore
827 553 989 599 excurrere
1011 554 1072 598 non
1094 540 1220 618 poterat,

127 669 184 730 qua
207 649 287 712 illum
311 651 466 729 convenit,
496 656 528 712 ut
550 649 596 729 id,
628 650 707 731 quod
741 651 777 712 ab
808 649 914 712 eodem
945 656 1083 712 statutum
1115 649 1220 727 fuerat,

124 769 333 842 revocaretur,
366 764 542 844 servarique
565 765 621 826 sibi
644 763 756 826 debere
780 763 889 826 abillo
913 760 1107 840 audientiam,
1141 761 1220 841 quia,

124 875 151 937 si
173 874 279 958 dignus
309 893 369 938 non
397 877 550 957 essetqui
574 876 684 938 abillo
709 875 874 954 audiretur,
908 873 1015 957 dignus
1044 875 1131 937 etiam
1160 891 1221 935 non

125 997 208 1051 esset
230 990 279 1069 qui
301 1007 357 1070 pro
380 991 430 1053 illo
453 1009 470 1052 a
493 989 612 1052 domino
645 988 813 1068 audiretur,
843 988 893 1051 vel
924 989 972 1050 cui
1003 1006 1073 1050 suas
1103 1003 1220 1069 preces,

124 1104 172 1165 oui
205 1120 259 1165 sua
289 1111 359 1167 vota
392 1106 606 1181 committeret;
640 1111 774 1186 paratum
807 1104 894 1165 etiam
925 1121 959 1164 se
991 1119 1059 1165 esse
1088 1120 1143 1183 pro
1170 1101 1221 1164 tali

125 1217 249 1300 negotio
272 1224 397 1281 mortem
421 1220 539 1297 subire,
563 1236 601 1280 ne
624 1218 856 1280 dissimulatione
879 1219 924 1279 sui
948 1218 1221 1298 praevaricatorem

126 1330 238 1393 facerat
266 1332 494 1412 imperatorem,
528 1331 579 1411 qui
602 1338 658 1391 tam
682 1331 788 1392 iniusta
813 1337 915 1392 contra
947 1329 1103 1392 ecclesiam
1127 1348 1221 1410 prae-

125 1463 160 1507 ce
182 1447 263 1507 isset,

160 1463 178 1526 p
211 1553 260 1619 23.
307 1555 413 1617 Postea
435 1571 510 1616 vero
535 1573 620 1634 quarn
645 1553 842 1615 Mediolanum
865 1571 1007 1617 reversus
1031 1562 1092 1634 est,
1122 1555 1221 1635 posito

123 1672 305 1751 imperatore
335 1669 364 1730 in
396 1668 523 1730 ecelesia
552 1669 589 1730 de
620 1668 724 1731 eadem
758 1686 847 1730 causa
876 1671 1011 1731 tractavit
1041 1670 1069 1731 io
1099 1670 1220 1752 populo.

123 1785 155 1847 ln
178 1804 238 1866 quo
262 1790 386 1847 tractatu
416 1784 580 1846 introduxit
611 1783 721 1847 domini
750 1801 910 1866 personam
939 1785 1087 1864 loquentis
1120 1784 1220 1866 impe-

123 1901 232 1962 ratori:
264 1898 331 1978 Epo
357 1907 384 1960 te
408 1917 448 1958 ea
470 1897 578 1959 altimo
608 1897 823 1977 imperatorem
851 1899 933 1977 feci,
966 1917 1021 1977 epo
1046 1896 1101 1958 tibi
1125 1917 1220 1959 eccer-

125 2014 217 2077 citam
238 2012 357 2074 inimici
380 2011 425 2072 toi
447 2010 581 2086 tradidi,
606 2029 662 2090 epo
685 2009 741 2071 tibi
765 2012 894 2088 copias,
925 2029 1004 2090 qaas
1026 2012 1078 2072 ille
1102 2012 1221 2074 adoer-

123 2147 191 2189 sam
214 2135 242 2189 te
265 2127 417 2190 eaercitai
442 2145 499 2186 sao
523 2133 704 2202 parauerat,
729 2126 811 2202 dedi,
836 2145 891 2206 epo
913 2126 1068 2187 inimicam
1085 2134 1168 2186 taam
1188 2128 1223 2188 ire

121 2250 303 2321 potestatem
337 2250 420 2304 taam
442 2240 570 2320 rededi,
606 2259 661 2320 epo
694 2242 732 2301 de
763 2241 878 2302 semine
901 2249 952 2303 tao
979 2259 1077 2318 sapro
1105 2241 1221 2302 saliam

122 2357 211 2437 repat
242 2357 407 2432 constitui,
438 2375 494 2435 epo
525 2362 552 2416 te
578 2355 769 2433 triumphare
798 2355 867 2416 aine
898 2354 1005 2417 labore
1027 2354 1106 2432 feci:
1136 2362 1166 2415 et
1188 2363 1221 2418 ta

124 2470 162 2530 cle
185 2488 231 2531 me
254 2469 387 2531 inimicia
409 2469 486 2530 meis
513 2468 614 2531 donas
641 2468 835 2548 triampbos?
881 2466 933 2529 Cui
965 2468 1158 2531 descendenti
1182 2468 1220 2531 de

124 2583 236 2677 exedra
248 2564 250 2569 ’
260 2584 421 2664 imperator
444 2585 498 2644 ait:
526 2583 644 2645 Contra
660 2602 717 2645 aas
729 2583 924 2662 proposuisti
939 2584 1042 2659 bodie,
1067 2585 1218 2663 episcope.

122 2697 162 2759 At
184 2696 232 2759 ille
256 2695 421 2777 respondit,
448 2715 512 2758 aaa
534 2716 567 2759 se
591 2704 702 2758 contra
724 2697 833 2774 ipsam,
864 2697 919 2757 sed
939 2716 1000 2774 pro
1024 2699 1095 2775 ipsa
1117 2697 1219 2775 faisse

123 2811 263 2872 locatam.
302 2810 384 2871 Tunc
400 2811 577 2891 imperator:
601 2811 741 2886 Revera,
765 2812 875 2890 inquit,
900 2811 977 2871 dare
996 2830 1219 2891 praeceperam

123 2932 234 2987 eontra
250 2926 426 3004 episcopam
441 2925 477 2986 de
492 2944 655 3006 synapopa
677 2925 876 3002 reparanda5
900 2927 933 2985 in
955 2928 1122 2988 monacisca
1144 2911 1249 2989 aero⁸

122 3040 347 3101 uindicandam
377 3059 453 3102 esse.
498 3040 540 3102 lta
565 3047 632 3102 eta
656 3041 828 3118 comitibus,
862 3041 912 3120 qut
943 3041 971 3102 in
1002 3049 1136 3123 tempore
1161 3042 1218 3104 ad-

124 3158 225 3231 erant,
249 3153 409 3216 dicebatur.
456 3154 568 3228 Quibus
592 3157 768 3236 episcopus:
797 3154 864 3235 Epo
886 3155 1010 3236 paidom
1033 3176 1100 3217 cam
1122 3159 1218 3237 impe-

121 3274 228 3329 ratore
251 3286 334 3329 nanc
357 3287 432 3349 opo,
464 3268 622 3331 vobiscum
643 3288 719 3331 aero
749 3269 824 3331 mibi
855 3270 948 3330 aliter
980 3273 1132 3352 apeadom
1163 3282 1218 3334 est.

122 3382 222 3463 Atque
241 3383 279 3443 ita
303 3383 441 3462 obtinuit,
465 3388 496 3445 ut
518 3383 583 3461 illa,
607 3403 684 3464 qnae
706 3390 810 3448 statuta
834 3385 968 3464 inerant,
992 3393 1219 3466 revocarentur,

123 3515 180 3559 nec
202 3497 284 3577 prins
307 3496 343 3558 ad
366 3495 457 3558 altare
489 3497 635 3559 accedere
666 3499 774 3578 voluit,
807 3500 864 3561 nisi
887 3499 945 3561 lide
969 3517 1023 3562 sua
1056 3500 1219 3580 imperator

123 3611 203 3673 illum
225 3629 321 3692 agere
346 3610 457 3673 debere
480 3618 647 3675 testaretur.
694 3612 747 3674 Cui
771 3613 946 3694 episcopus:
970 3613 1054 3694 Erpa
1078 3634 1137 3694 apo
1159 3616 1221 3694 fide

125 3732 186 3787 toa.
231 3723 396 3805 Respondit
433 3727 608 3808 imperator:
648 3726 712 3806 Ape
740 3728 800 3807 fide
829 3748 905 3789 mea.
952 3729 1016 3801 Oua
1054 3730 1220 3810 sponsione

124 3841 226 3902 iterata
250 3858 374 3903 securus
405 3844 550 3926 pergebat
583 3842 725 3905 sacerdos
756 3841 853 3904 divina
885 3843 1023 3925 mysteria
1055 3842 1219 3906 celebrare.

123 3955 204 4017 Haec
223 3960 321 4016 autem
343 3955 452 4037 scripta
475 3961 543 4018 sunt
566 3957 596 4019 in
619 3955 754 4038 epistula,
778 3973 866 4034 quarn
884 3954 920 4017 ad
937 3973 1107 4038 germanam
1133 3976 1217 4019 suam

124 4067 210 4132 fecit:
241 4070 272 4131 io
301 4088 357 4153 qua
387 4077 540 4136 tractatum
571 4071 711 4151 inseruit,
745 4088 832 4155 quem
863 4068 968 4132 eodem
997 4069 1044 4131 die
1074 4070 1219 4133 habuerat
