2692 4666
129 364 170 428 52
571 360 597 414 S.
615 358 770 414 auouosu

128 523 204 585 etos.
248 523 286 585 lrr
317 523 388 600 illo,
422 522 533 602 inquit,
564 521 615 586 die
644 524 768 600 reddet,
801 539 860 584 non
882 519 939 584 bio.
983 519 1037 584 llio
1066 525 1163 582 autem
1185 519 1214 581 iu

126 634 291 717 laboribus,
322 635 352 696 in
375 634 531 717 periculis,
564 635 593 697 in
617 635 780 718 naufragiis
803 635 886 716 quasi
909 635 1016 698 athleta
1039 635 1134 698 bouus
1158 632 1214 697 de-

126 753 272 831 certabat,
297 750 365 832 quia
387 751 498 814 sciebat
521 750 658 831 quoniam
680 770 734 832 per
750 751 854 814 multas
872 751 1085 815 tribulationes·
1098 755 1216 832 oportet

124 884 181 931 nos
204 866 327 930 introire
350 867 380 927 in
402 884 526 948 regnum
550 866 606 928 dei.
650 864 731 949 Ergo
754 885 815 929 non
844 870 942 947 potest
965 867 1031 947 quis
1053 865 1214 948 praemium

125 982 279 1064 accipere,
309 980 366 1041 nisi
393 980 524 1063 legitime
554 981 728 1060 certaverit,
763 1000 820 1044 neo
843 989 889 1045 est
918 981 1049 1063 gloriosa
1078 981 1214 1062 victorie,

124 1095 182 1158 nisi
203 1096 254 1159 ubi
277 1093 384 1158 fuerint
407 1094 557 1157 laboriosa
580 1094 745 1157 certamina.

518 1381 694 1450 CAPUT
721 1382 814 1450 XVI.

124 1568 278 1621 Confirmato
298 1568 367 1636 quod
385 1584 460 1636 supra
479 1568 510 1620 de
529 1569 646 1635 praemiis
666 1575 692 1618 et
709 1570 799 1637 poenis
818 1567 910 1620 dictum
934 1566 1030 1642 luerat,
1056 1565 1215 1634 subiungitur

123 1675 173 1710 non
193 1659 372 1721 mirumesse,
391 1657 412 1708 si
431 1656 521 1724 quibua
540 1671 639 1707 merces
657 1657 683 1706 in
703 1655 787 1708 tuturo
806 1671 857 1706 non
876 1655 1030 1721 destinatur,
1049 1653 1089 1705 hic
1109 1653 1213 1706 illinon
1248 1670 1253 1681 ·

123 1744 254 1809 laborent,
277 1759 362 1812 neque
386 1743 536 1812 confligant,
561 1743 711 1813 additurque
730 1745 790 1796 ideo
815 1742 964 1812 temporalia
981 1741 1049 1794 bona
1066 1743 1127 1811 ipsis
1148 1757 1213 1795 oon-

381 1831 452 1898 oedi,
469 1849 502 1884 ne
520 1849 569 1900 qua
589 1835 627 1884 eis
645 1832 799 1902 relinquatur
817 1833 954 1884 excusatio.

208 2008 258 2075 59.
303 2012 410 2075 Nonne
439 2014 564 2076 iniustus
596 2020 641 2077 ost
675 2014 725 2094 qui
758 2018 825 2076 ante
849 2013 897 2076 dat
918 2011 1094 2093 praemium,
1127 2029 1213 2092 quam

122 2132 272 2188 certamen
303 2124 391 2188 luerit
421 2126 611 2190 absolutum?
662 2126 793 2208 ldeoque
827 2125 962 2189 dominus
993 2123 1023 2187 in
1055 2123 1212 2206 evaugelio

122 2240 177 2302 ait:
196 2236 226 2322 ¹)
249 2239 341 2302 Beati
360 2259 517 2320 pauperes
538 2243 670 2321 spirito,
696 2242 843 2322 quonium
864 2243 1004 2323 ipsorum
1025 2246 1072 2303 est
1085 2256 1213 2319 repetem

124 2354 289 2416 caetorum.
335 2354 403 2418 Non
426 2354 516 2418 dixit:
540 2355 622 2419 beati
645 2354 767 2434 divites,
791 2352 845 2418 sed
868 2371 1024 2436 pauperos.
1068 2349 1141 2413 lude
1163 2349 1214 2412 in·

124 2467 192 2548 cipit
207 2468 360 2532 beatitudo
383 2468 491 2534 iudicio
516 2469 633 2549 divino,
656 2469 705 2533 ubi
724 2487 864 2533 aerumna
886 2469 1055 2532 aestimatur
1077 2467 1214 2528 humana.

124 2580 213 2645 Beati
241 2583 295 2663 qui
324 2583 485 2659 esuriunt,
504 2579 536 2665 ²)
570 2582 715 2663 quonlam
750 2582 811 2663 ipat
845 2581 1080 2643 saturabuntur.
1125 2578 1216 2641 Beati

125 2697 179 2777 qui
210 2697 330 2779 tepeat,
362 2699 510 2779 quoniam
543 2698 605 2778 ipat
640 2698 881 2761 oooooletr'orrem
912 2695 1073 2758 habebunt.
1125 2692 1217 2755 Beati

124 2811 363 2887 misericordes,
388 2813 532 2891 quonium
555 2813 635 2890 ipsis
656 2812 853 2874 miserebitur
871 2812 955 2874 deus.
994 2809 1084 2872 Beati
1101 2808 1215 2872 muodo

126 2927 235 3003 corde,
270 2926 414 3006 quonium
436 2929 499 3007 ipsi
523 2928 611 2991 deum
640 2928 792 2991 videbunt.
836 2926 928 2990 Beati
950 2925 1003 3007 qut
1022 2925 1215 3002 persecutio·

126 3059 194 3102 aem
205 3041 372 3120 patiantur
382 3049 515 3121 propter
530 3043 691 3121 iustitium,
714 3042 860 3124 quonium
875 3041 1016 3121 ipsorum
1031 3046 1079 3101 est
1091 3057 1218 3119 requam

130 3155 295 3218 caelorum.
347 3154 440 3218 Beati
473 3157 568 3234 estis,
610 3178 677 3221 eum
710 3157 799 3221 uobis
832 3156 1017 3219 malediceret
1049 3160 1079 3214 et
1107 3171 1216 3233 perae-

128 3277 260 3351 quantur
283 3278 313 3332 et
334 3270 439 3331 dicent
460 3288 548 3331 omae
576 3270 690 3333 melum
713 3271 876 3333 adversum
898 3289 955 3332 vos
973 3272 1104 3349 propter
1125 3265 1216 3328 iusti-

127 3383 211 3447 tiam.
260 3382 394 3445 Gaudete
418 3391 448 3445 et
468 3382 606 3447 exultate
633 3385 780 3465 paratam
807 3403 923 3447 meroes
953 3389 1058 3444 oestro
1088 3380 1218 3461 copiosa

129 3506 176 3562 eat
197 3498 230 3559 tre
253 3499 350 3561 eaelo.
395 3499 547 3578 lluturam,
578 3516 639 3562 uon
671 3506 860 3581 praesentem
868 3520 882 3577 ;¹
910 3498 940 3560 in
971 3496 1072 3575 caelo,
1105 3512 1168 3558 uon
1189 3493 1219 3557 iu

130 3619 210 3675 terra
239 3611 408 3674 mercedem
436 3614 570 3696 promisit
592 3630 660 3677 esse
683 3612 872 3676 reddendam.
918 3610 995 3686 Quid
1018 3609 1085 3672 alibi
1108 3608 1219 3690 posuis,

132 3725 211 3807 quod
234 3725 302 3788 alibi
325 3727 474 3790 debetur?
512 3726 588 3802 Quid
603 3745 805 3810 praepropere
828 3743 969 3789 eoronam
991 3723 1107 3806 exigis,
1130 3730 1219 3787 aute·

132 3859 219 3921 quam
248 3841 377 3904 vmoas‘t
421 3840 490 3922 quid
523 3841 682 3924 detergere
717 3840 890 3921 pulverem,
924 3838 994 3920 quid
1026 3838 1219 3916 requiescere

133 3954 227 4034 cupis,
250 3953 320 4036 quid
335 3954 447 4035 epulari
469 3955 573 4038 gestis,
596 3961 751 4036 autequam
766 3942 892 4016 stadium
912 3950 1069 4016 solvatur?
1115 3949 1220 4016 Adbuc

205 4200 232 4266 ι)
250 4196 337 4252 ulau.
356 4197 382 4265 5,
399 4197 423 4251 a.
494 4197 524 4269 a)
542 4194 606 4250 ora.
623 4196 640 4249 ⁵
658 4212 712 4268 aeq.
