2692 4666
132 373 174 438 14
199 378 202 392 ·
644 370 721 423 ura

131 532 228 611 Urbis,
254 532 292 595 de
315 531 479 614 repetenda
499 551 550 594 ara
566 532 716 595 Victoriae
737 539 765 594 et
784 534 946 615 sumptibus
970 533 1223 594 caerimoniarum.

132 646 191 711 Sed
215 648 264 709 ubi
295 648 430 728 conperit
460 646 603 710 sacerdos
627 650 718 710 misso
750 646 849 709 libello
874 647 910 710 ad
932 648 1140 729 imperatorem
1163 664 1224 728 po·

130 761 247 822 stulavit
276 768 309 822 ut
336 761 373 822 ad
407 779 441 823 se
470 761 621 824 relationis
654 762 834 843 exemplaria
866 762 1083 843 dirigerentur,
1115 762 1222 842 quibus

128 874 193 954 ipse
216 893 271 954 pro
295 875 425 955 partibus
448 875 509 937 suis
532 892 736 956 responsurus
763 882 852 937 asset.
898 875 962 947 Oua
992 876 1136 938 relatione
1168 895 1223 937 ac-

130 994 214 1068 cepta
248 989 517 1069 praeclarissimum
554 990 683 1051 libellum
723 990 914 1070 conscripsit,
951 997 983 1051 ut
1016 997 1118 1052 contra
1152 990 1224 1051 nihil

17 1170 25 1183 ,
129 1121 267 1184 uniquam
300 1104 424 1166 auderet
446 1103 639 1185 Symmachus
662 1105 708 1166 vir
731 1105 992 1185 eloquentissimus
1018 1103 1223 1185 respondere;

128 1218 183 1281 sed
211 1224 365 1299 postquam
396 1224 539 1300 augustae
570 1219 730 1280 memoriae
753 1218 975 1281 Valentinianus
1007 1219 1036 1280 in
1061 1219 1223 1280 Viennensi

129 1332 263 1409 civitate,
295 1350 371 1412 quae
402 1339 448 1393 est
478 1330 628 1410 Gallorum
659 1334 777 1411 civitas,
808 1334 895 1395 vitam
930 1333 1039 1409 linivit,
1069 1331 1223 1413 Eugenius

46 1528 48 1533 Ι
128 1446 259 1526 suscepit
281 1445 450 1526 imperinm,
475 1445 540 1526 qui,
568 1447 618 1509 ubi
641 1447 788 1528 imperare
813 1449 928 1528 coepit,
959 1465 1018 1509 non
1041 1445 1132 1507 multo
1154 1452 1224 1526 post

126 1560 297 1640 petentibus
320 1559 459 1622 Flaviano
490 1565 559 1622 tnnc
588 1560 742 1641 praefecto
766 1568 796 1623 et
817 1560 989 1644 Arbogaste
1012 1561 1119 1623 comite
1142 1576 1223 1621 aram

127 1674 276 1736 Victoriae
298 1679 328 1734 et
350 1678 483 1752 sumptus
517 1672 778 1751 caerimoniarum,
814 1673 893 1754 quod
917 1671 1137 1734 Valentinianus
1165 1690 1223 1734 au-

103 1794 235 1871 ,gustae
267 1786 427 1848 memoriae
457 1784 553 1848 adhuc
583 1787 613 1847 in
644 1786 809 1848 iunioribus
840 1787 924 1849 annis
957 1786 1133 1848 constitutus
1164 1803 1222 1865 pe-

128 1901 257 1964 tentibus
281 1900 501 1983 denegaverat,
524 1899 630 1962 oblitus
654 1899 723 1962 fidei
745 1918 817 1963 suae
840 1900 997 1963 concessit.

215 2009 266 2075 27.
311 2012 376 2074 Hoc
399 2013 449 2074 ubi
472 2014 615 2093 cognovit
637 2012 779 2075 sacerdos
803 2012 942 2076 derelicta
967 2013 1085 2075 civitate
1102 2014 1222 2077 Medio-

127 2128 251 2214 lanensi,
275 2127 311 2190 ad
336 2145 424 2207 quarn
447 2126 496 2188 ille
520 2126 658 2189 festinato
674 2129 822 2206 veniebat,
847 2129 884 2191 ad
901 2127 1120 2190 Bononiensem
1143 2130 1222 2191 civi-

125 2250 215 2307 tatem
240 2243 376 2324 migravit
396 2248 486 2321 atque
502 2241 570 2303 indc
585 2242 755 2304 Faventiam
771 2261 867 2323 usque
888 2245 1029 2323 perrexit.
1075 2244 1129 2305 Ubi
1154 2262 1220 2305 cum

126 2357 282 2439 aliquantis
314 2356 440 2439 degeret
468 2355 590 2435 diebus,
623 2357 760 2418 invitatus
785 2377 800 2419 a
823 2357 1002 2419 Florentinis
1025 2356 1061 2418 ad
1085 2356 1221 2418 Tusciam

59 2536 61 2539 .
125 2490 223 2553 usque
250 2470 405 2535 descendit
429 2470 581 2533 declinans
604 2471 698 2553 magis
721 2477 872 2551 aspectum
896 2470 1034 2552 sacrilegi
1057 2471 1128 2548 viri,
1160 2488 1221 2532 non

126 2584 288 2649 formidans
319 2585 490 2666 imperantis
521 2584 673 2659 iniuriam3
706 2601 772 2645 nam
796 2588 825 2643 et
848 2580 1002 2663 epistulam
1032 2580 1067 2642 ad
1092 2581 1219 2642 eundem

124 2697 220 2777 dedit,
251 2699 282 2759 in
312 2716 369 2778 qua
398 2697 540 2758 convenit
570 2696 780 2758 conscientiam
813 2695 906 2773 illius,
939 2693 977 2756 dc
1004 2713 1060 2774 qua
1082 2713 1219 2775 paucae

125 2811 223 2872 multis
245 2809 385 2890 ponenda
408 2808 488 2871 duxi.
533 2810 602 2873 Etsi
633 2810 837 2890 imperatorio
863 2815 1005 2887 potestas
1030 2828 1143 2888 magno
1165 2809 1217 2886 sit,

126 2934 227 2986 tumen
250 2924 437 2998 considero,
462 2923 647 3000 imperator,
672 2930 807 3002 quantus
829 2923 871 2985 sit
893 2924 978 2984 deus.
1026 2922 1135 2985 Cordo
1156 2924 1218 2985 to-

122 3039 237 3099 minum
270 3037 372 3114 videt,
420 3037 643 3099 conscientiam
679 3036 859 3099 interiorem
896 3038 1091 3118 interrogat,
1129 3038 1219 3100 novit

123 3152 244 3229 omnia,
279 3159 445 3231 antequam
474 3153 568 3232 fiunt,
602 3153 691 3215 novit
723 3152 847 3212 interna
875 3152 1016 3232 pectoris
1051 3152 1104 3212 tui.
1148 3152 1216 3229 Ipsi

120 3265 194 3343 felli
215 3285 272 3328 eos
294 3285 358 3328 noa
380 3266 543 3344 petimini,
568 3275 598 3327 et
619 3267 709 3326 deum
730 3265 825 3328 voltis
851 3267 975 3328 celare?
1012 3265 1082 3327 Non
1106 3266 1218 3326 cecidit

122 3380 157 3443 in
179 3383 311 3444 animum
340 3389 424 3442 taam
454 3381 639 3461 quicquum?
682 3380 718 3442 st
739 3380 789 3440 tut
812 3379 947 3461 egebunt
974 3388 1037 3440 tarn
1065 3398 1214 3457 perseve-

122 3503 246 3572 ranter,
270 3513 374 3558 nonae
397 3493 580 3571 tunnefelt,
605 3495 794 3572 imperator,
815 3513 875 3575 pro
892 3495 943 3554 dei
962 3493 1072 3552 summi
1095 3501 1125 3554 et
1146 3495 1214 3555 oeni

123 3616 152 3672 et
172 3610 237 3671 viai
259 3609 459 3671 ueneratione
482 3608 739 3688 perseuerantius
771 3607 920 3669 obsistere
943 3615 972 3667 et
994 3625 1108 3686 negare
1131 3608 1215 3687 quod

122 3731 191 3785 erat
211 3724 245 3784 in
267 3723 417 3786 iniurium
439 3743 550 3786 samue
574 3723 677 3804 lepis?
720 3722 757 3783 Et
779 3722 900 3782 iterum:
941 3718 1097 3792 Quoniam
1119 3721 1214 3801 ἱρέων

121 3835 197 3897 meis
217 3835 346 3898 accidas
369 3844 399 3897 et
420 3834 506 3913 epact
527 3836 617 3897 deum
639 3843 669 3895 et
690 3833 775 3914 epod
797 3851 900 3894 omnes
929 3833 1066 3895 homines
1096 3842 1212 3912 teneor,

121 3949 210 4011 aliud
236 3949 310 4011 mttt
340 3968 404 4012 aon
433 3951 525 4011 licere
556 3949 716 4026 intellexi,
747 3948 836 4010 uliud
867 3966 931 4010 non
960 3956 1120 4026 oportere,
1150 3949 1214 4011 nisi

121 4070 157 4125 ul
178 4065 365 4127 declinando
389 4036 579 4127 coasulerem
600 4064 692 4140 milei,
716 4063 792 4144 quie
813 4081 875 4124 non
895 4061 985 4143 potui
1009 4061 1072 4123 libi.

208 4175 259 4242 28.
304 4177 336 4240 ln
365 4194 456 4262 supra
485 4175 562 4242 dicta
591 4178 691 4259 itaque
723 4177 843 4242 civitate
871 4175 1109 4241 Florentinorunr
1143 4191 1212 4239 cum
