2692 4666
362 333 408 389 DE
427 332 564 389 osslons
583 332 806 390 utnlstttontttt
823 333 919 390 LIBER
937 335 967 389 ll.
1150 338 1213 406 137

124 495 218 559 stolus
243 494 333 559 dicat:
353 491 383 577 ¹)
412 493 523 558 Omnia
545 493 671 576 suffert,
694 497 799 558 omm'a
822 498 940 574 credit,
971 498 1075 560 emula
1097 507 1213 578 sperat,

126 610 233 672 omnia
254 608 394 686 curticel,
418 608 534 671 ceritas
556 626 720 688 numquam
744 607 837 672 cudit.
1159 615 1162 618 ’

208 718 258 786 38.
297 721 368 784 Ideo
394 719 491 783 David
513 740 574 784 non
597 721 714 801 cecidit,
737 723 806 802 quia
828 740 915 786 carus
937 722 992 786 fuit
1016 725 1161 806 omnibus,
1184 736 1215 792 et

122 833 202 918 diligi
225 852 243 896 a
265 834 420 914 subiectis,
445 853 531 915 quam
555 835 650 897 timeri
673 835 779 897 maluit.
825 835 926 899 Timor
949 837 1026 899 enim
1043 842 1214 922 temporalis

121 948 270 1011 tutaminis
292 954 394 1011 servat
416 947 575 1026 excubias,
597 947 693 1009 nescit
717 945 911 1010 diuturnitatis
937 949 1109 1013 custodiam.
1153 951 1214 1015 lta-

122 1082 182 1144 que
204 1063 255 1126 ubi
279 1062 366 1124 timor
389 1061 562 1141 decesserit,
587 1061 709 1124 audacia
733 1061 858 1143 obrepit,
886 1063 1023 1143 quoniam
1045 1063 1215 1129 fidemnon

121 1177 212 1240 timor
236 1176 327 1260 cogit,
350 1174 404 1237 sed
427 1173 549 1237 affectus
572 1174 700 1237 exhibet.

208 1287 259 1355 39.
303 1289 397 1351 Prima
420 1307 494 1371 ergo
518 1288 553 1351 ad
577 1288 862 1352 commendationem
889 1291 986 1354 nostri
1017 1299 1064 1354 est
1094 1293 1211 1357 caritas.

121 1403 238 1468 Bonum
259 1409 305 1466 est
327 1422 403 1486 ergo
427 1404 624 1467 testimonium
645 1402 756 1466 babere
779 1403 816 1466 de
835 1403 1027 1485 plurimorum
1046 1407 1214 1472 dilectione.

121 1519 197 1582 llinc
220 1519 350 1581 nascitur
371 1518 456 1598 fides,
479 1525 511 1582 ut
534 1520 716 1582 committere
740 1537 773 1582 se
797 1526 848 1583 tuo
872 1519 990 1583 affectui
1007 1538 1067 1584 non
1083 1540 1215 1584 verean-

120 1639 170 1695 tur
192 1634 279 1696 etiam
303 1632 406 1711 alieni,
442 1650 529 1712 quem
557 1633 690 1714 pluribus
721 1651 821 1696 carum
844 1633 1032 1696 adverterint.
1078 1632 1216 1699 Similiter

123 1747 211 1810 etiam
233 1764 288 1828 per
310 1743 398 1808 fidem
421 1764 456 1808 ac
479 1745 629 1809 caritatem
652 1747 835 1827 pervenitur,
858 1751 888 1808 ut
905 1746 954 1827 qui
969 1748 1020 1810 uni
1035 1753 1085 1810 aut
1100 1746 1215 1813 duobus

122 1860 303 1942 praestiterit
323 1859 426 1938 fidem,
459 1865 605 1940 tamquam
635 1858 736 1921 innuat
765 1859 794 1920 in
818 1859 932 1921 animos
950 1861 1163 1927 ‚universorum
1186 1869 1216 1925 et

125 1973 254 2036 omnium
278 1972 411 2055 adquirat
434 1973 565 2056 gratiam.

523 2196 692 2262 CAPUT
728 2197 820 2264 VIII.

125 2364 195 2416 nitu
212 2363 245 2416 ad
264 2361 448 2416 conciliandam
466 2363 572 2432 gratiam
590 2364 669 2432 magis
687 2362 783 2428 valere,
803 2378 877 2431 quam
896 2362 1017 2427 consilia;
1034 2363 1080 2416 sed
1100 2365 1138 2416 ele
1150 2378 1216 2416 con·

125 2453 205 2504 {idere
222 2468 299 2521 posse
318 2453 453 2518 neminem,
472 2451 519 2502 nisi
535 2452 630 2503 iustitIa
648 2453 758 2503 nitantur
776 2467 806 2503 ac
822 2450 974 2519 prudentIa3
997 2458 1113 2520 quantum
1132 2457 1216 2502 autem

126 2540 175 2592 hae
194 2539 259 2592 duae
276 2541 382 2591 virtutes
401 2537 526 2589 eluxerint
550 2539 575 2589 in
594 2534 746 2603 Salomone,
772 2553 803 2588 cx
827 2538 906 2605 Ipsius
931 2536 1097 2588 celeberrImo
1121 2535 1217 2589 indicto

590 2624 674 2694 palam
693 2626 755 2678 lieri.

212 2768 263 2834 40.
301 2770 368 2832 Duo
391 2769 482 2853 igitur
504 2770 578 2833 baec
599 2768 637 2832 ad
653 2767 938 2832 commendationem
952 2767 1049 2831 nostri
1064 2765 1216 2848 plurimum

127 2891 297 2966 operantur,
321 2885 427 2948 caritas
450 2891 480 2946 et
502 2883 591 2965 tides,
615 2889 644 2945 et
666 2886 783 2947 tertium
807 2883 865 2946 hoc
887 2884 913 2945 si
935 2882 1062 2960 habeas,
1085 2879 1165 2962 quod
1187 2880 1218 2943 in

125 3005 155 3061 te
178 2998 371 3063 admiratione
394 2998 514 3083 dignum
536 3000 671 3081 plerique
695 3000 863 3063 existiment
885 3004 914 3060 et
932 2999 997 3060 iure
1012 2994 1217 3061 honorandum

126 3117 238 3193 putent

164 3260 168 3267 ‚
213 3221 264 3288 41.
304 3225 341 3288 Et
363 3227 431 3308 quia
454 3226 647 3290 consiliorum
669 3242 741 3288 usus
764 3227 891 3290 maxime
913 3224 1051 3289 conciliat
1072 3222 1217 3302 homines,

125 3337 196 3402 ideo
219 3339 374 3420 prudentia
397 3347 427 3401 et
449 3340 557 3403 iustitia
580 3341 610 3401 in
632 3356 814 3420 unoquoque
838 3339 1024 3402 desideratur
1047 3343 1077 3400 et
1100 3357 1135 3400 ea
1158 3355 1217 3400 ex·

125 3458 297 3535 spectantur
319 3472 336 3515 a
358 3455 507 3536 pluribus,
540 3462 572 3518 ut
594 3456 624 3517 in
647 3473 706 3536 quo
729 3474 771 3542 ea
788 3454 863 3534 sint,
894 3454 937 3516 illi
959 3454 1112 3518 deleratur
1132 3452 1217 3532 fides,

127 3567 208 3649 quod
239 3569 333 3649 possit
361 3570 431 3631 utile
459 3571 615 3633 consilium
645 3588 680 3632 ac
703 3569 790 3632 iidele
814 3568 994 3637 desideranti
1017 3567 1098 3630 dare.
1145 3565 1217 3639 Quis

128 3682 207 3744 enim
230 3683 314 3745 eise
337 3683 506 3762 committat,
529 3700 616 3764 quem
639 3701 700 3746 non
723 3688 805 3764 putet
827 3680 893 3763 plus
909 3698 1026 3763 sapere,
1049 3695 1137 3760 quam
1152 3677 1218 3758 ipse
1334 3727 1337 3732 .

128 3797 223 3879 sapiat
253 3797 302 3876 qui
333 3798 448 3879 quaerit
477 3798 658 3860 consilium?
702 3798 836 3861 Necesse
867 3802 912 3859 est
941 3795 1030 3878 igitur
1060 3798 1092 3855 ut
1124 3810 1216 3874 prae-

127 3912 253 3974 stantior
275 3911 313 3975 sit
336 3929 353 3973 a
376 3931 435 3992 quo
459 3912 613 3975 consilium
635 3914 760 3994 petitur,
790 3931 876 3995 quam
898 3911 948 3974 tlte
971 3915 1034 3988 est,
1063 3908 1114 3990 qui
1135 3907 1216 3991 petit.

197 4155 227 4224 t)
247 4154 269 4212 1.
282 4154 339 4211 Gor.
358 4154 401 4225 13,
420 4154 496 4211 7-8.
