2692 4666
537 362 744 419 smmffl
1139 364 1179 431 w

85 531 152 588 erat
173 542 246 589 reus
276 530 308 588 et
335 524 421 589 aliter
444 525 594 590 emendari
622 544 682 589 non
705 531 838 609 poterat,
867 524 903 588 ad
927 524 1062 589 exsilium
1084 525 1181 590 desti·

84 638 166 700 navit
187 655 248 702 nou
271 637 391 701 multum
414 645 483 721 post
505 640 687 722 indulgentia
711 645 922 721 prosequente.

175 749 225 816 35.
262 752 320 816 Per
342 750 419 813 idem
443 757 558 832 tempus
580 768 646 813 eum
669 749 707 813 ad
730 750 867 832 palatium
890 755 1031 831 pergeret
1053 738 1181 831 eumque

84 882 140 948 pro
170 865 240 928 loeo
271 864 363 928 oflicii
393 866 488 928 nostri
517 881 732 946 sequeremur,
762 862 924 926 'ltreodoro
954 870 1023 924 tuno
1053 864 1180 942 notario,

86 978 138 1060 qui
170 983 273 1059 postea
309 993 421 1040 summa
453 995 519 1040 eum
548 979 643 1060 gratia
679 976 875 1041 Mutinensem
906 977 985 1038 rexit
1013 974 1180 1055 ecelesiam,

86 1110 152 1155 curn
176 1109 249 1154 essu
271 1090 388 1174 quidam
416 1091 494 1174 pede
524 1098 607 1158 esset
638 1091 738 1174 lapsus
769 1099 859 1171 atque
881 1095 1046 1170 prostratus
1069 1090 1182 1151 iaceret

85 1208 115 1270 in
145 1212 243 1285 terra,
274 1205 390 1269 ridente
421 1205 529 1270 laetum
560 1223 727 1270 conversus
749 1203 894 1268 sacerdos
917 1205 973 1266 ait:
1008 1203 1104 1264 Etru
1127 1203 1182 1282 qui

49 1363 56 1371 ·
85 1328 162 1398 atas,
193 1321 265 1382 etue
287 1339 327 1382 aa
347 1319 453 1382 nodos.
481 1316 509 1402 ¹)
562 1319 629 1394 Quo
661 1318 741 1383 dieto
774 1318 871 1380 statim
901 1318 945 1396 is,
975 1315 1025 1396 qui
1054 1316 1181 1378 alienum

85 1433 200 1518 lapsum
221 1433 339 1513 riserat,
363 1449 448 1495 snum
471 1432 573 1496 doluit
691 1464 693 1469 ·

173 1543 224 1610 36.
268 1546 324 1608 Per
353 1545 431 1610 idem
458 1551 574 1629 tempus
604 1544 718 1629 Fritigil
746 1543 893 1626 quaedam
924 1514 1029 1627 regri·
1059 1543 1181 1607 llareo·

86 1677 260 1723 mannnruru
289 1676 357 1723 earm
379 1678 397 1723 a
419 1659 546 1742 quodam
568 1657 736 1723 Christiano
759 1660 836 1736 vir'o,
870 1658 921 1740 qui
943 1657 980 1720 ad
1002 1659 1080 1720 ittam
1103 1656 1182 1720 torta

86 1774 125 1836 de
153 1772 254 1837 ltaliae
282 1774 414 1858 partibus
446 1773 626 1853 advenerat,
657 1771 812 1836 referente
843 1773 900 1835 sibi
929 1769 1046 1833 audiret
1077 1770 1181 1834 tamaro

86 1886 156 1966 viri,
190 1885 307 1949 Christo
338 1885 478 1967 eredidit,
519 1887 604 1949 euius
643 1885 725 1949 illuur
765 1885 916 1949 servulum
950 1892 1181 1967 recognoverat,

86 2000 245 2082 missisque
268 2002 439 2078 muneribus
462 2001 499 2064 ud
522 2001 680 2064 eeclesiam
714 2018 770 2083 per
800 1999 918 2084 legatos
940 2000 1118 2080 postulavit,
1150 2008 1181 2062 ut

86 2111 206 2194 seriptis
235 2113 343 2195 ipsius,
381 2113 506 2195 qualiter
535 2112 663 2175 eredere
693 2111 832 2191 deberet,
866 2112 1084 2177 informaretur.
1134 2114 1180 2178 Ad

86 2243 176 2306 quarn
198 2226 250 2288 ille
272 2225 428 2308 epistulam
450 2224 521 2287 lecit
542 2198 725 2306 praeclaram
748 2225 778 2286 in
801 2221 920 2286 modurn
942 2226 1122 2305 catechismi,
1150 2228 1180 2289 in

86 2358 145 2422 qua
175 2342 261 2405 etiam
291 2340 459 2418 admonuit,
493 2345 524 2401 ut
543 2326 697 2401 'suaderet
725 2339 791 2402 viru
814 2337 954 2402 Romanis
985 2357 1088 2420 paoern
1110 2358 1181 2402 ser-

87 2473 170 2520 vare.
215 2455 279 2531 Qua
303 2463 424 2538 accepta
448 2432 574 2536 epistula
596 2453 702 2516 mulier
725 2453 818 2516 suasit
840 2452 905 2514 viro
928 2458 961 2514 ut
982 2472 1048 2515 cum
1070 2453 1181 2534 populo

85 2587 142 2635 suo
175 2587 210 2633 se
237 2569 378 2634 Romanis
406 2569 547 2632 traderet.
600 2567 686 2642 Quae
718 2583 784 2631 eum
814 2566 950 2629 venisset
971 2564 1180 2645 Mediolanum,

86 2685 241 2767 plurimum
265 2683 368 2764 doluit,
391 2684 472 2766 qnod
492 2689 626 2747 sanetum
649 2683 848 2762 sacerdotem,
882 2681 918 2744 ad
942 2656 1029 2763 {puero
1046 2680 1181 2745 >festina-

90 2805 184 2878 rerat,
207 2799 326 2862 minime
348 2799 549 2882 repperisset3
583 2798 639 2861 iarn
662 2798 742 2862 enim
764 2797 802 2860 de
824 2797 880 2860 hae
903 2797 969 2860 luce
993 2796 1181 2879 migraverat

98 2942 104 2949 ·
175 2910 227 2976 37.
271 2912 467 2995 Temporibus
497 2928 572 2975 vero
596 2910 742 2992 Gratiani,
774 2919 806 2974 ut
834 2919 916 2974 retro
947 2909 1084 2988 redeam,
1115 2927 1193 2972 oum'

85 3024 124 3088 ad
147 3025 330 3107 praetorium
346 3023 513 3087 Macedonii
535 3030 605 3086 tuno
627 3023 762 3105 magistri
785 3021 951 3087 officiorum
974 3041 1030 3107 pro
1054 3025 1181 3104 quodam
1240 3106 1243 3113 Α

84 3140 284 3202 intercessum
313 3141 499 3222 perrexisset
529 3145 618 3222 atque
649 3158 688 3201 ex
710 3147 872 3221 praecepto
905 3157 994 3221 supra
1028 3137 1098 3201 dieti
1126 3137 1181 3200 viri

86 3253 171 3317 iores
192 3255 358 3316 invenisset
382 3253 509 3335 clausas,
533 3272 591 3317 neo
612 3255 729 3334 copiam
745 3253 933 3337 digrediendi
948 3253 1072 3334 adeptus
1088 3258 1181 3330 esset,

86 3369 143 3431 ait:
174 3368 216 3429 Et
238 3376 271 3431 tu
293 3367 418 3448 puidam
439 3368 544 3429 ueoa'ea
566 3367 610 3428 od
636 3365 809 3442 ecclesium,
842 3385 900 3428 neo
930 3365 1047 3428 elauris
1076 3364 1181 3427 ianuis

86 3484 228 3547 inuenies
263 3502 326 3564 quo
357 3482 557 3564 iopredioria.
614 3479 701 3556 Quod
733 3479 841 3542 factum
879 3485 924 3542 est
955 3486 1071 3542 mortuo
1103 3478 1182 3540 Gra·

87 3600 189 3675 tiano;
210 3596 389 3680 confugiens
413 3596 521 3658 etenim
542 3595 737 3660 llaeedonius
767 3593 803 3656 ad
835 3595 991 3657 ecelesiam
1016 3593 1181 3676 patentibus

86 3713 183 3776 ianuis
207 3711 314 3774 aditum
337 3711 473 3791 reperire
496 3729 555 3775 non
579 3716 704 3792 poterat.

174 3821 225 3888 38.
269 3824 337 3905 lpse
366 3830 463 3886 autern
499 3826 545 3888 nir
575 3825 763 3900 venerabilis
792 3822 951 3904 episeopus
981 3829 1045 3884 erat
1072 3806 1191 3885 multae'

87 3935 283 4001 abstinentes
311 3942 344 3998 et
364 3935 521 4001 multarum
546 3936 727 4023 vigiliarum,
758 3934 908 4000 cotidiano
937 3936 1048 4000 ieiunio
1078 3954 1181 4000 maee-

97 4089 290 4102 —-

158 4175 434 4251 nummu

915 4272 972 4346 2st
