2692 4666
124 317 186 383 172
567 316 593 370 S.
611 314 765 371 mutuasti

122 476 275 540 lleliodori
297 475 414 559 quidam
436 477 583 560 rogabant
605 477 719 557 Ouium,
742 485 774 541 ut
796 478 885 542 vitam
906 486 1048 561 posceret
1070 481 1111 562 ei,
1138 500 1212 563 qno-

122 590 200 653 niam
222 608 392 672 supremum
414 592 539 674 gerebat
560 591 703 675 spiritum.

212 701 282 767 148.
337 703 473 788 Rogaute
506 706 605 786 itaque
637 703 796 768 sacerdote
830 722 943 769 summo
977 705 1056 769 idem
1090 708 1215 770 invenes

123 817 228 880 iterum
247 817 410 881 Heliodoro
433 818 649 901 adparuemut,
678 818 773 882 isdem
796 820 893 882 amicti
914 821 1049 884 vestibus
1072 828 1105 884 et
1128 821 1216 885 dixe·

122 937 193 994 runt
213 930 250 994 ad
274 950 357 995 eum:
392 933 486 996 Ouiae
517 951 632 997 summo
662 932 812 997 sacerdoti
842 935 953 1016 gratias
983 952 1061 1018 age,
1094 941 1217 1018 propter

124 1064 212 1127 quem
241 1046 292 1109 tibi
316 1047 378 1109 vita
400 1052 446 1109 est
466 1045 590 1111 reddita·
634 1046 678 1109 Tu
708 1054 806 1110 autem
836 1054 978 1129 expertus
1010 1047 1058 1110 dci
1087 1048 1216 1132 flagella,

124 1158 201 1221 vade
225 1166 254 1221 et
276 1159 375 1221 unutia
398 1161 455 1223 tuis
478 1161 630 1239 omnibns,
651 1167 789 1240 quautam
812 1161 994 1244 cognoveris
1016 1162 1121 1243 templi
1143 1163 1217 1224 reli-

124 1273 246 1354 gionem
266 1279 295 1335 et
312 1272 359 1334 dei
374 1278 559 1354 potestatem.
596 1272 649 1334 llis
665 1271 750 1334 dictis
765 1290 827 1334 uon
843 1279 1072 1354 couparnernut.
1111 1272 1218 1336 llelio-

126 1385 219 1448 dorus
247 1380 346 1467 itaqne
375 1392 499 1468 recepto
530 1387 635 1467 spiritu
664 1385 789 1449 hostiam
820 1384 938 1471 domino
969 1386 1091 1468 optulit,
1126 1385 1219 1449 Ouiae

126 1497 277 1562 sacerdoti
307 1498 418 1582 gratias
449 1499 510 1582 egit
537 1505 568 1562 et
598 1516 664 1561 curn
694 1499 829 1561 exercitu
856 1496 894 1561 ad
923 1517 1029 1583 regem
1056 1499 1220 1562 revertitur

127 1611 249 1676 diceus:
273 1613 414 1694 Siquam
436 1610 528 1675 habes
551 1612 667 1675 hostem
690 1618 740 1676 aut
761 1612 964 1676 insidiatorem
979 1629 1080 1674 rerum
1095 1617 1220 1691 marum,

127 1726 197 1789 illuc
219 1744 287 1789 eum
310 1725 407 1807 dirige
431 1729 461 1786 et
483 1723 663 1806 flagellatum
685 1725 814 1806 recipies
838 1741 914 1786 eum.

218 1836 287 1903 149.
332 1838 484 1904 Servanda
507 1843 552 1900 est
575 1838 673 1920 igitur,
695 1838 755 1917 lilii,
778 1822 929 1918 depositis
943 1835 1027 1915 lides,
1055 1834 1221 1899 adhibenda

129 1950 289 2034 diligentia.
344 1952 476 2035 Egregie
510 1950 578 2013 hiuc
612 1956 742 2014 vestrum
776 1950 911 2012 enitescit
947 1948 1160 2027 ministerium,
1196 1948 1222 2010 si

128 2071 267 2148 suscepta
288 2065 437 2147 impressio
460 2065 606 2146 potentis,
629 2082 717 2145 quam
737 2063 787 2127 vel
808 2062 898 2125 vidua
920 2063 972 2126 vel
993 2061 1120 2144 orphani
1142 2060 1223 2124 tole-

131 2198 200 2243 rare
221 2197 283 2243 uou
306 2186 432 2261 queant,
460 2179 607 2242 ecclesiae
629 2178 764 2242 subsidio
786 2179 977 2256 cohibeatur3
1009 2177 1036 2240 si
1058 2174 1224 2241 ostendatis

131 2292 198 2374 plus
219 2293 296 2376 apud
319 2311 375 2357 vos
397 2293 564 2357 mandatum
586 2293 710 2373 domiui,
733 2312 820 2375 quarn
844 2268 941 2356 divitis
963 2291 1067 2355 valere
1089 2291 1224 2376 gratiam.

220 2406 290 2472 150.
335 2408 506 2472 Meministis
528 2409 602 2491 ipsi,
626 2409 763 2490 quotiens
786 2408 931 2471 adversus
952 2407 1073 2490 regales
1096 2408 1224 2489 impetus

133 2540 188 2605 pro
210 2523 382 2603 viduarum,
412 2525 500 2586 immo
529 2524 659 2587 omnium
687 2522 830 2605 depositis
859 2529 1010 2588 certamen
1037 2523 1225 2592 subierimus.

135 2636 296 2700 Commune
324 2636 383 2700 boc
413 2636 569 2699 vobiscum
601 2635 679 2698 mrlri.
729 2635 846 2698 Recens
878 2636 1045 2719 exemplum
1077 2633 1227 2699 ecclesiae

134 2750 299 2814 'liciueusis
321 2749 482 2832 proteram,
505 2767 581 2830 qnae
603 2748 712 2812 viduae
734 2749 912 2832 depositum,
937 2747 1017 2831 quod
1039 2743 1226 2829 susceperat,

133 2863 268 2925 amittere
295 2863 523 2944 periclitabatur.
567 2862 776 2944 luterpellaute
807 2863 885 2926 euim
916 2879 972 2941 eo,
1004 2861 1055 2942 qui
1077 2846 1136 2924 sliri
1156 2858 1228 2924 illud

129 2978 278 3060 ,imperiali
306 2978 453 3060 rescripto
485 2979 637 3043 vindicare
672 2979 825 3060 cupiebat,
860 2976 960 3040 clerici
991 2993 1053 3039 nou
1085 2969 1229 3038 tenebant

134 3093 356 3169 auctoritatem3
378 3091 515 3155 honorati
538 3108 659 3171 qnoque
681 3097 712 3152 et
732 3090 951 3152 intercessores
975 3085 1034 3150 dati
1056 3103 1119 3149 non
1132 3068 1229 3168 pause

134 3205 303 3287 praeceptis
332 3204 519 3286 imperatoris
548 3203 662 3266 obviari
694 3201 838 3265 ierebaut
888 3200 1060 3285 Legebat'ur
1088 3197 1229 3280 rescripti

135 3316 232 3382 iorma
261 3316 418 3398 directior,
446 3317 580 3402 magistri
610 3316 776 3380 officiorum
805 3321 929 3394 statuta,
960 3328 1055 3396 agens
1083 3311 1116 3374 iu
1136 3300 1229 3374 rebus

135 3428 315 3492 imminebat.
359 3430 437 3504 Quid
458 3429 567 3512 plura?
611 3426 763 3491 Traditum
785 3432 858 3489 erat.

225 3539 296 3607 151.
334 3543 445 3606 Tamen
468 3541 681 3607 communicato
704 3557 818 3601 mecum
834 3536 960 3601 consiliu
976 3534 1094 3600 obsedit
1109 3538 1231 3599 sanctam

138 3657 297 3738 episcopus
327 3674 363 3718 ea
386 3657 554 3736 conclavia,
585 3654 622 3718 ad
653 3672 729 3734 quae
759 3652 931 3715 translatum
960 3647 1032 3713 illud
1061 3647 1232 3732 depositum

137 3769 245 3833 viduae
273 3774 467 3853 cognoverat.
512 3768 598 3844 Quod
628 3769 678 3831 ubi
707 3785 769 3830 uon
797 3768 891 3849 potuit
919 3764 1046 3843 auferri,
1075 3767 1232 3844 receptum

138 3883 193 3945 sub
214 3882 424 3967 chirographo
456 3889 509 3946 est.
559 3885 667 3947 Postea
696 3882 803 3945 iterum
834 3880 1023 3964 flagitabatur
1054 3895 1096 3940 ex
1126 3876 1231 3939 chiro·

138 3997 271 4078 graph03
300 4001 490 4080 praeceptum
517 3996 677 4078 imperator
706 3996 883 4073 iteraverat,
915 3998 948 4055 ut
971 3991 1036 4072 ipse
1058 4007 1114 4070 per
1136 3993 1233 4052 semet

139 4111 235 4189 ipsum
256 4127 312 4174 uos
334 4112 518 4175 conveniret.
554 4110 700 4194 Negatum
724 4115 778 4189 est,
802 4115 832 4171 et
855 4106 992 4188 exposita
1015 4103 1135 4168 divinae
1154 4102 1232 4186 legis
