2692 4666
339 326 385 380 DE
405 324 542 381 oblicus
561 325 784 380 nlnlsbnoattn
802 326 900 380 LIBER
917 329 937 382 1.
1143 333 1186 398 93

84 491 183 551 autem
211 487 321 567 nostri,
344 493 376 550 ut
395 487 478 553 lesus
495 475 597 568 Nave,
620 487 795 568 Hierobaal,
819 488 960 569 Samson,
983 490 1078 553 David
1101 509 1186 554 sum-

84 617 161 662 mam
183 599 274 662 rebus
298 616 420 680 quoque
443 599 558 662 bellicis
581 599 714 662 retulere
736 600 871 683 gloriam.

177 710 247 776 176.
292 711 345 806 Est
375 712 474 793 itaque
509 711 651 776 fortitudo
680 713 762 774 velut
791 714 941 778 excelsior
972 718 1098 797 ceteris,
1132 717 1186 780 sed

85 847 244 912 numquam
278 828 446 892 incomitata
480 828 593 904 virtus;
631 846 691 891 non
728 829 806 891 enim
840 846 875 892 se
909 830 1003 909 ipsam
1036 832 1188 893 committit

85 937 143 1006 sibi
149 964 160 1020 3
198 941 328 1022 alioquin
364 941 505 1004 fortitudo
540 943 605 1004 sine
639 943 747 1004 iustitia
780 943 942 1023 iniquitatis
975 946 1099 1006 materia
1133 950 1186 1006 est.

86 1057 155 1132 Quo
180 1057 259 1120 cuim
282 1053 408 1118 validior
431 1062 493 1134 est,
517 1073 556 1118 eo
579 1056 760 1136 promptior,
784 1062 814 1117 ut
836 1054 1008 1119 inferiorem
1032 1057 1188 1136 opprimat,

86 1188 155 1234 eum
175 1170 207 1231 in
229 1168 301 1250 ipsis
331 1168 423 1231 rebus
455 1168 567 1231 bellicis
599 1169 674 1233 iusta
703 1168 782 1232 bella
816 1187 852 1231 an
887 1169 994 1231 iniusta
1022 1169 1081 1232 sint
1113 1187 1188 1250 spe-

86 1281 227 1344 ctandum
249 1286 377 1362 putetur.

177 1391 249 1456 177.
293 1392 458 1473 Numquam
481 1392 577 1456 David
597 1393 654 1456 nisi
673 1393 831 1456 lacessitus
854 1395 963 1457 bellum
986 1395 1090 1457 intulit.
1127 1395 1188 1458 lta-

85 1525 161 1589 que
178 1506 362 1589 prudentiam
393 1505 570 1569 fortitudinis
603 1507 739 1569 comitem
768 1507 872 1570 babuit
891 1510 921 1570 in
945 1510 1069 1590 proelio.
1114 1509 1189 1571 Nam

86 1626 118 1684 et
140 1620 287 1682 adversus
310 1618 441 1699 Goliam,
464 1620 611 1681 inmanem
635 1619 713 1681 mole
737 1621 873 1700 corporis
897 1620 1009 1700 virum,
1033 1621 1187 1704 singulare

86 1739 240 1795 certamen
272 1729 463 1792 dimicaturus
496 1747 597 1808 arma,
631 1728 737 1809 quibus
772 1736 967 1812 oneraretur,
1001 1736 1132 1814 respuit;
1162 1731 1189 1817 ¹)

85 1846 183 1919 virtus
199 1845 276 1907 cuim
292 1845 354 1906 suis
370 1844 489 1906 lacertis
512 1843 617 1926 magis,
641 1862 728 1924 quarn
751 1843 856 1906 alienis
880 1846 1091 1930 integumentis
1109 1848 1189 1911 inni-

86 1962 166 2024 titur.
212 1959 328 2021 Deinde
351 1958 483 2037 cminus,
507 1975 567 2038 quo
590 1958 713 2039 gravius
737 1956 855 2037 feriret,
878 1959 937 2021 ictu
952 1960 1057 2042 lapidis
1073 1962 1190 2025 hostem

86 2073 245 2136 interemit.
289 2072 395 2134 Postea
428 2089 584 2152 numquam
616 2071 674 2133 nisi
707 2073 843 2135 consulto
877 2074 997 2137 domino
1015 2072 1047 2159 ²)
1082 2076 1190 2139 bellum

87 2185 226 2252 adorsus.
271 2187 342 2248 ldco
365 2187 395 2247 in
420 2187 556 2249 omnibus
581 2186 676 2248 victor
700 2185 841 2267 proeliis,
866 2188 1023 2267 usquead
1047 2207 1188 2252 summam

10 2310 13 2323 '
86 2306 275 2366 senectutem
297 2317 386 2362 manu
408 2305 579 2380 promptus,
612 2298 690 2361 bello
723 2297 882 2362 adversum
906 2300 1025 2364 Titanas
1050 2311 1190 2385 suscepto

88 2414 242 2478 ferocibus
265 2413 392 2476 bellator
416 2413 595 2475 miscebatur
618 2412 802 2495 agminibuS,
828 2413 944 2494 gloriae
967 2415 1110 2495 cupiduS,
1140 2416 1190 2479 in·

90 2527 231 2591 curiosus
253 2527 366 2590 salutis
384 2523 416 2608 ³)

179 2637 252 2703 178.
299 2639 359 2705 Sed
388 2658 450 2702 non
480 2640 555 2700 baec
589 2638 653 2702 sola
686 2639 840 2719 praeclara
871 2638 1014 2702 fortitudo
1044 2648 1105 2718 est,
1136 2639 1191 2727 sepi

90 2755 179 2817 ctiam
201 2753 319 2816 illorum
342 2742 504 2837 gloriosam
527 2752 730 2815 fortitudinem
754 2753 928 2835 accipimus,
955 2754 1005 2834 qui
1026 2773 1081 2837 per
1103 2754 1191 2816 fidem

89 2867 294 2953 magnitudine
327 2867 417 2930 animi
451 2867 676 2930 obstruxerant
710 2867 832 2928 leonum
862 2887 936 2944 ora,
970 2869 1194 2929 aestimaverant

88 2983 236 3044 matutam
258 2981 352 3061 iqais,
381 2977 555 3060 effapercot
577 2980 676 3042 aciem
696 2979 809 3058 plectit,
843 2981 1028 3044 coaluerant
1048 2981 1085 3043 dc
1101 2982 1192 3062 infir-

89 3096 196 3158 mitate
228 3094 349 3172 fortea,·
373 3089 406 3175 ⁴)
439 3094 488 3175 qui
520 3110 580 3155 non
617 3093 757 3155 comitatu
787 3101 817 3156 et
846 3093 1016 3175 legionibus
1051 3092 1193 3159 succincti

92 3225 279 3272 communem
301 3224 368 3270 curn
387 3206 485 3270 multis
508 3207 679 3285 victoriam,
703 3205 757 3268 sed
780 3207 859 3268 nuda
881 3207 992 3270 virtute
1014 3207 1101 3270 animi
1125 3207 1192 3270 sin-

91 3321 228 3404 gularem
250 3320 289 3383 de
306 3319 428 3402 perfidis
448 3320 615 3384 retulerunt
637 3318 823 3401 triumphum.
869 3320 963 3394 Quam
986 3319 1192 3401 insuperabilis

92 3433 214 3513 Daniel,
232 3430 264 3517 ⁵)
286 3434 345 3516 qui
368 3435 448 3498 circa
471 3433 565 3498 latera
587 3452 641 3497 sua
663 3433 819 3516 rugientes
841 3452 903 3498 non
926 3434 1048 3516 expavit
1068 3429 1193 3496 leones!

94 3546 276 3611 Fremebant
297 3546 428 3627 hostiae,
451 3553 482 3612 et
503 3547 555 3611 illc
577 3547 758 3628 epulabatur.

169 3811 196 3878 1)
217 3810 240 3865 1.
258 3811 322 3884 liog.
342 3812 384 3879 17,
403 3812 438 3864 40
455 3829 526 3884 seqq.
609 3813 638 3879 2)
658 3813 683 3866 2.
702 3813 767 3882 Bag.
786 3814 813 3880 5,
834 3812 867 3865 19
885 3828 956 3883 seqq.
1038 3812 1066 3880 3)
1085 3811 1110 3865 2.
1129 3812 1193 3882 Rcss.

93 3899 141 3966 21,
160 3898 194 3953 15
210 3915 282 3971 seqq.
354 3900 383 3972 l)
401 3898 479 3954 llobr.
499 3899 542 3968 11,
562 3899 596 3953 33
613 3917 667 3971 seq.
739 3901 768 3970 5)
786 3901 852 3954 Dan.
873 3900 915 3967 14,
933 3897 976 3952 38.
