2692 4666
547 280 755 386 sumerum.
1177 329 1199 400 r

96 495 215 559 facilius
237 501 363 578 raptum,
387 494 608 576 superpositum
630 500 771 576 carpento
795 494 832 557 ad
856 493 992 557 exsilium
1012 494 1200 576 perduceret.

96 610 161 672 Sed
194 609 349 688 iniquitas
383 607 450 669 eius
484 608 518 668 ic
550 607 696 668 verticem
729 607 832 685 ipsius
864 606 1042 681 descendtt;
1069 603 1097 690 ¹]
1132 614 1201 687 post

96 744 209 789 annum
232 724 340 786 etenim
363 721 470 785 eodem
495 721 561 800 die,
594 740 654 802 quo
677 721 758 784 illum
788 740 896 804 rapere
927 738 962 784 se
993 720 1200 800 arbitrabatur,

94 841 128 902 in
153 838 262 901 eodem
286 841 429 918 carpento
453 835 599 917 inpositus
623 835 660 897 de
684 835 788 896 eadem
812 835 901 898 domo
924 835 989 916 ipse
1009 833 1046 895 ad
1063 833 1200 895 exsilium

95 954 261 1018 destinatus
286 959 350 1031 est,
382 956 523 1032 reputans
547 951 603 1012 sibi
627 952 705 1013 iusto
730 949 839 1012 iudicio
869 948 918 1012 dei
948 947 977 1010 id
1008 948 1037 1008 in
1067 964 1102 1008 se
1129 963 1199 1010 esse

94 1085 297 1146 conversum,
326 1066 411 1128 utin
436 1083 473 1127 eo
498 1065 640 1146 carpento
666 1063 845 1147 dirigeretur
871 1063 907 1127 ad
933 1062 1085 1140 exsilium,
1117 1060 1198 1141 quod

94 1185 164 1265 ipse
188 1186 344 1263 paraverat
366 1179 525 1242 sacerdoti.
572 1178 625 1241 Cui
648 1197 710 1242 non
740 1179 890 1240 minimum
919 1175 1024 1240 solacii
1054 1174 1197 1240 sacerdos

93 1294 235 1377 praebuit
258 1291 355 1354 dando
379 1296 511 1372 sumptus
534 1290 585 1351 vel
608 1290 674 1368 alia,
697 1308 774 1370 quae
798 1297 881 1352 erant
904 1290 1085 1353 necessaria.

190 1405 238 1469 13.
284 1403 344 1469 Sed
366 1405 441 1466 haec
465 1403 617 1467 confessio
648 1403 774 1466 hominis
805 1421 862 1466 nec
893 1403 1023 1466 mulieris
1053 1401 1196 1484 furorem,

93 1539 154 1583 nec
177 1536 375 1582 vaesanorum
390 1518 570 1581 Arianorum
594 1517 771 1580 dementiam
794 1518 940 1599 repressit
948 1538 957 1595 ;
980 1518 1094 1581 maiore
1119 1517 1197 1579 enim

94 1635 217 1698 accensi
253 1632 399 1695 dementia
437 1632 586 1694 basilicam
620 1632 793 1695 Porcianam
829 1631 973 1695 invadere
1010 1632 1196 1708 nitebantur3

95 1749 248 1811 exercitus
273 1749 361 1810 etiam
392 1753 520 1808 armatus
551 1745 588 1808 ad
619 1745 830 1808 custodiendas
863 1745 945 1808 fores
973 1745 1121 1807 ecclesiae
1151 1749 1197 1806 est

95 1862 244 1941 directus,
272 1869 304 1924 ut
326 1881 415 1925 nemo
438 1863 562 1925 auderet
585 1862 760 1925 catholicam
783 1862 941 1924 ecclesiam
964 1859 1090 1943 ingredi.
1136 1856 1196 1924 Sed

95 1976 251 2055 dominus,
287 1977 336 2057 qui
369 1976 407 2038 de
439 1975 620 2038 adversariis
653 1976 715 2037 suis
748 1975 895 2037 ecclesiae
926 1995 999 2038 suae
1030 1973 1195 2055 triumphos

95 2090 212 2154 donare
236 2091 401 2170 consuevit,
425 2090 462 2152 ad
485 2090 633 2153 ecclesiae
651 2107 724 2152 suae
739 2090 950 2151 munimentum
965 2089 1088 2151 militurn
1104 2086 1195 2150 corda

95 2205 263 2283 convertit,
297 2210 328 2266 ut
359 2206 475 2267 aversis
508 2205 599 2267 scutis
635 2204 782 2266 ccclesiae
815 2203 898 2266 iores
931 2209 1104 2282 servarent,
1139 2218 1196 2265 neo

95 2317 203 2401 egredi
228 2317 422 2398 dimitterent,
456 2319 509 2382 sed
541 2319 658 2402 ingredi
690 2319 847 2382 ecclesiam
876 2319 993 2400 plebem
1022 2316 1195 2380 catholicam

93 2435 213 2496 minime
237 2433 438 2514 prohiberent.
485 2433 543 2498 Sed
566 2452 623 2495 nec
645 2435 702 2495 hoc
726 2434 797 2496 satis
825 2439 888 2496 erat
918 2433 1014 2494 missis
1045 2431 1195 2510 militibus,

93 2548 152 2609 nisi
176 2547 264 2609 eliam
286 2565 342 2627 pro
371 2547 602 2611 calholica'lide
632 2566 699 2610 curu
729 2549 816 2629 plebe
847 2548 957 2629 pariter
985 2546 1194 2608 adclamarent.

92 2662 159 2723 Hoc
190 2661 220 2723 iu
254 2667 390 2742 tempore
423 2662 548 2743 primurn
583 2662 779 2744 antiphonae,
813 2663 913 2744 hymni
948 2666 978 2722 et
1011 2658 1131 2741 vigiliae
1164 2657 1195 2719 in

92 2776 224 2838 ecclesia
246 2774 462 2838 Mediolanensi
496 2773 640 2837 celebrari
676 2779 848 2855 coeperunt.
895 2773 984 2836 Cuius
1016 2771 1194 2835 celebritatis

92 2887 215 2951 deuotio
238 2906 335 2968 usque
360 2887 390 2947 in
413 2885 588 2949 hodiernum
607 2887 683 2948 diem
700 2906 761 2951 non
777 2888 872 2950 solum
888 2889 917 2949 in
935 2887 1039 2950 eadem
1055 2887 1193 2965 ecclesia,

91 3021 199 3065 verum
222 3020 278 3084 per
300 3018 404 3065 ornnes
427 3019 523 3083 paene
545 3003 716 3083 provincias
740 3002 911 3066 Occidentis
934 3009 1040 3066 manet.

184 3111 233 3176 ll.
277 3114 334 3175 Per
357 3113 434 3176 idem
458 3120 574 3196 tempus
598 3117 693 3177 sancti
716 3122 861 3200 martyres
884 3117 1035 3180 Protasius
1059 3125 1089 3180 et
1112 3118 1194 3182 Ger-

92 3229 195 3292 vasius
219 3246 253 3290 se
277 3228 428 3291 sacerdoti
450 3229 661 3323 revelaverunt
668 3252 677 3307 3
701 3237 785 3295 erant
808 3234 886 3295 enirn
910 3234 938 3294 in
958 3234 1078 3296 basilica
1094 3235 1194 3316 positi,

92 3345 125 3405 in
148 3360 206 3423 qua
229 3348 297 3404 sunt
319 3341 409 3405 hodie
432 3362 560 3425 corpora
584 3346 711 3409 Nabaris
736 3355 766 3409 et
788 3347 895 3409 Felicis
926 3352 1087 3429 martyrum
1095 3369 1104 3425 ;
1140 3348 1194 3411 sed

93 3458 189 3520 sancti
218 3463 364 3539 martyres
396 3458 498 3520 Nabor
529 3465 558 3520 et
579 3460 664 3523 Felix
693 3462 888 3525 celeberrime
919 3461 1192 3544 frequentabantur,

92 3572 219 3634 Protasii
241 3589 315 3633 vero
339 3578 369 3634 et
391 3572 527 3637 Gervasii
550 3583 712 3660 martyrum
734 3584 767 3639 ut
789 3579 925 3657 nomina,
957 3578 996 3640 ita
1025 3578 1111 3639 etiam
1138 3594 1192 3639 se-

93 3686 217 3768 pulchra
240 3686 389 3768 incognita
412 3693 507 3765 erant,
530 3689 560 3749 in
584 3694 702 3768 tantum,
725 3697 757 3752 ut
780 3708 870 3771 supra
887 3691 1019 3773 ipsorum
1035 3689 1192 3772 sepulchra

95 3800 279 3863 ambularent
302 3818 424 3880 omnes,
448 3802 497 3883 qui
520 3803 632 3866 vellent
653 3805 689 3867 ad
713 3805 862 3868 cancellos
886 3808 1061 3889 pervenire,
1085 3805 1191 3886 quibus

94 3922 263 3978 sanctorum
287 3915 414 3976 Naboris
442 3921 473 3976 et
500 3915 608 3978 Felicis
639 3925 798 4003 martyrum
831 3921 867 3982 ab
899 3920 1005 3983 iniuria
1035 3919 1191 4000 sepulchra

96 4072 301 4080 ——--.—-—-.

166 4161 192 4229 l)
214 4160 303 4213 Psalm.
324 4160 350 4227 7,
371 4160 411 4211 tr.
462 4172 465 4176 ’
