2692 4666
197 331 262 398 390
618 321 872 378 innorirronus

181 469 277 542 ‘Meum
297 495 372 556 utque
391 484 467 550 crib„
486 503 563 554 quum
581 489 711 540 inminens
729 489 795 540 exui
812 485 890 538 habet
908 486 950 537 ed.
970 483 1047 551 ned,
1068 506 1148 556 quarn
1165 492 1290 545 hommem

197 594 297 634 exuere
315 576 370 642 dig,
395 592 472 644 quam
496 577 608 627 immune
630 578 759 629 douriuem
777 579 816 633 ci,
828 577 930 628 domiue
948 578 1013 628 esuri
1033 574 1121 626 scribit
1141 575 1195 642 Bc,
1220 597 1290 647 μη

197 668 326 721 trutinum
344 670 467 725 curreret.
488 677 552 729 quae
573 660 648 712 lectio
667 661 728 712 mihi
746 661 854 728 placuit,
881 669 1028 713 correxerat
1044 660 1165 715 Erremus
1185 680 1289 734 eumque

146 775 149 783 ·
197 755 281 806 secuti
299 761 357 804 sunt
375 749 513 816 Comedus,
533 748 653 800 Pistorius
674 757 699 800 et
718 749 801 801 editor
817 748 954 801 Romanus.
984 747 1010 801 L.
1029 764 1083 818 seq.
1102 758 1162 816 post
1179 755 1290 820 petimur

198 848 323 909 expuncta
341 835 464 907 particule
483 847 507 890 et
523 837 610 903 scripsi
628 840 758 890 dominum
775 840 944 891 extrudimur
968 852 1025 889 cum
1043 837 1119 890 codd.
1140 838 1172 889 W
1195 849 1223 891 et
1239 840 1289 894 tto-

197 945 285 993 nocc.,
311 937 335 981 et
353 928 471 978 domines
490 926 658 976 extrudimur
677 922 772 974 hubent
795 922 852 974 edd.
872 922 974 974 Arnerb.
994 923 1092 976 Erusm.
1114 924 1184 980 Cost.
1206 927 1289 981 Pistor.

197 1016 281 1081 Rom,
299 1025 322 1068 ct
340 1015 458 1068 derainer
475 1015 644 1067 excludimur
672 1012 747 1064 codd.
767 1021 793 1064 et
811 1012 869 1064 cdd.
888 1011 943 1064 rell.
978 1010 1057 1064 Panlo
1075 1021 1134 1082 post
1153 1031 1179 1065 v.
1200 1019 1295 1070 mundo·

198 1103 231 1157 nl.
249 1121 282 1156 m.
302 1118 377 1171 supra
395 1098 491 1152 eddidit
509 1101 535 1150 in
554 1097 593 1149 W.

247 1203 255 1217 ”
303 1209 329 1261 P.
351 1205 408 1258 192.

270 1314 293 1365 t.
321 1317 381 1368 dire
406 1314 555 1381 conficiebat
578 1311 663 1377 tuter]
690 1310 726 1362 ltu
751 1310 825 1363 codd.
851 1309 921 1363 Bobe
947 1312 1124 1383 editionesque
1147 1315 1205 1368 Coi.
1230 1319 1289 1370 died.

199 1405 275 1456 Maur.
296 1411 322 1453 ct
339 1400 415 1465 citt..
434 1403 458 1453 d.
479 1403 613 1469 conficeret
632 1403 704 1452 tutes
722 1397 791 1450 Cnst.
810 1397 897 1451 Pistor.
917 1399 1000 1465 lictu,
1022 1405 1048 1456 d.
1067 1411 1208 1474 conficeret
1226 1410 1291 1462 luter

199 1492 307 1556 Etcum„
326 1493 350 1543 d.
370 1493 507 1557 conficeret
526 1487 587 1552 (sic)
604 1490 677 1539 inies
696 1486 741 1550 W,
761 1489 785 1540 d.
806 1492 955 1556 confecerat
972 1493 1021 1543 lut.
1043 1491 1120 1543 codd.
1139 1491 1254 1546 Menace.
1272 1512 1290 1546 c.

201 1581 242 1631 ed.
264 1577 365 1630 Amerb.
403 1575 464 1626 Tum
488 1584 582 1643 quanto
601 1572 654 1638 Be,
679 1585 790 1643 quantos
816 1591 881 1626 arn.
902 1593 956 1643 pn,
984 1593 1015 1629 ex
1033 1586 1121 1631 mutet.
1140 1590 1229 1637 tentor
1246 1582 1290 1648 iic,

200 1677 286 1721 tantur
305 1667 381 1716 etiem
401 1663 480 1714 ceteri
492 1661 605 1712 Menace.
642 1660 691 1712 Pro
710 1665 771 1715 urii
784 1660 819 1714 Bc
837 1671 863 1713 et
881 1664 1010 1732 exemplar
1021 1664 1076 1717 Col.
1095 1667 1195 1721 habent
1212 1674 1290 1724 urbir.

200 1752 225 1803 2.
253 1769 314 1806 erse
337 1759 395 1819 post
418 1752 583 1820 conferendis
609 1751 728 1802 insertum
747 1750 771 1800 in
790 1748 834 1801 Bc.
880 1751 904 1803 3.
923 1755 1082 1808 cortmerciir
1101 1753 1140 1806 W.
1160 1755 1204 1826 ttg
1223 1767 1248 1809 et
1264 1776 1291 1810 er

199 1847 286 1891 mutet.
307 1837 353 1889 Mo.
390 1835 451 1888 Tum
475 1840 545 1907 fante
569 1839 653 1890 alieno
669 1838 764 1890 iuuare
782 1834 813 1885 W
831 1844 858 1887 et
875 1853 912 1904 pr.
932 1836 986 1903 din,
1009 1845 1081 1909 fame
1099 1843 1191 1899 alienu
1209 1848 1292 1902 iuuari

146 1981 149 1987 ,
201 1925 245 1979 Bu.
265 1926 361 1980 Erosm.
380 1924 478 1977 cester.
497 1922 585 1975 Pistor.
606 1931 632 1975 et
650 1924 735 1974 editor
753 1923 889 1975 Romanos.
934 1927 958 1976 4.
983 1929 1013 1980 in
1035 1929 1156 1998 (prout)
1183 1950 1230 2001 per
1246 1951 1290 1987 ros.

201 2016 233 2067 ob
252 2032 272 2068 r.
293 2032 325 2067 nr.
338 2013 387 2079 Mn,
407 2014 483 2082 idque
501 2013 626 2080 reperitur
644 2013 718 2063 etiem
739 2012 764 2062 iu
783 2013 875 2063 ceteris
891 2011 959 2064 libris
972 2012 1085 2068 Menoec.
1123 2020 1148 2069 5.
1169 2026 1291 2076 sarturas

202 2102 276 2154 codd.
301 2111 327 2154 et
354 2101 414 2153 edd.
442 2117 522 2169 usqne
551 2099 582 2150 ed
611 2098 688 2152 ttaur.
716 2114 819 2165 ornnes,
848 2116 914 2168 quoe
940 2100 1017 2154 hebet
1043 2109 1198 2162 corriperis.
1234 2108 1292 2162 iilud

201 2190 295 2260 legitur
314 2193 387 2242 etium
407 2191 432 2242 iu
451 2188 515 2240 Gilb.
551 2186 609 2239 Mox
626 2191 755 2259 apricuiir
776 2187 822 2239 W..
851 2187 911 2240 Turn
938 2195 1058 2247 penitere
1084 2210 1220 2251 occasura
1241 2201 1291 2251 im-

200 2287 354 2346 perpetuum
373 2278 436 2346 (sic)
456 2275 502 2340 Bb,
522 2291 670 2329 occursura
688 2272 728 2326 W.
765 2273 804 2324 De
824 2291 873 2343 qun
892 2278 1014 2344 scriptura
1033 2279 1085 2330 vid.
1103 2283 1225 2352 Wnpuor.
1244 2284 1260 2336 Ι.
1272 2301 1293 2336 c.

167 2397 170 2403 ›
202 2382 227 2433 p.
241 2365 291 2417 468
301 2383 339 2434 sq.
376 2366 399 2416 7.
419 2369 515 2436 offerre
532 2378 571 2429 pr.
590 2361 639 2414 ile.
676 2361 741 2413 Dein
759 2365 1007 2418 conrrreverunted.
1021 2363 1087 2420 died.
1124 2367 1149 2421 8.
1168 2381 1296 2440 paverunt

204 2468 253 2504 orn.
274 2451 319 2517 W,
342 2469 439 2523 perere
457 2451 534 2502 hebet
552 2449 591 2502 ed.
612 2449 678 2501 died.
724 2449 748 2501 9.
766 2453 910 2521 colopene
932 2453 1059 2522 (sinsin)
1082 2457 1199 2512 scribunt
1217 2458 1294 2512 tthcd

204 2538 231 2592 in
250 2540 293 2592 fin.
313 2544 461 2609 accipimur
481 2539 520 2591 W.

273 2647 297 2711 §.
315 2647 359 2710 47,
381 2646 402 2696 1.
420 2648 511 2715 inopia
528 2643 568 2696 W.
605 2643 629 2696 2.
647 2661 700 2697 non
718 2659 763 2712 pro
781 2662 922 2714 uumpunm
941 2644 973 2694 W
996 2654 1022 2699 et
1041 2646 1157 2703 Menoec.
1194 2655 1255 2707 det
1271 2657 1294 2708 4.

203 2737 258 2788 niis
277 2732 318 2800 Mg
337 2742 363 2785 et
380 2733 419 2785 ed.
439 2730 504 2795 cot..
524 2740 551 2784 ut
569 2733 670 2799 possim.
708 2731 769 2784 Turn
788 2735 952 2801 inpertieudu
971 2732 1002 2784 W
1023 2735 1116 2802 etilo,
1135 2741 1296 2810 inpertiam

203 2821 245 2873 vei
272 2823 435 2889 inportieuria
460 2823 528 2882 (cunr
552 2819 577 2870 h.
600 2837 625 2872 v.
650 2835 696 2887 per
720 2821 897 2886 compendium
922 2821 954 2872 sit
976 2822 1111 2888 scripturn)
1137 2823 1175 2876 Bc
1199 2835 1225 2900 et
1248 2827 1294 2895 ng,

203 2912 263 2976 imp.
279 2914 338 2974 (per
350 2908 497 2974 compend.)
511 2907 585 2959 codd.
595 2907 661 2971 reli,
679 2910 784 2976 impert.
798 2907 860 2958 editi
873 2905 929 2959 iibri
941 2922 1037 2960 omnes.
1069 2911 1093 2963 6.
1106 2916 1225 2968 cultores
1238 2914 1293 2968 edd.

204 2993 259 3046 Cot.
280 2994 380 3053 Amcrb.
409 3003 433 3047 et
457 3003 560 3046 ceterae
585 3002 644 3045 unte
663 2993 739 3046 ttaur.
776 2993 832 3044 Mox
855 3011 967 3064 reparer
992 2994 1035 3047 Bc.
1072 2997 1133 3050 Tum
1158 3005 1205 3055 uti
1222 3007 1296 3056 eriam

204 3081 258 3134 Bbc
286 3085 462 3153 editionesqne
488 3082 542 3135 Coi.
569 3100 599 3134 sc
624 3082 689 3134 tter.
718 3090 744 3134 et
770 3087 889 3138 iuvenies
918 3084 1053 3153 exemplar·
1072 3083 1126 3138 cot.
1173 3089 1198 3138 7.
1225 3110 1296 3160 puppi

204 3173 327 3242 ipnorrrm
344 3169 381 3222 Bb
401 3189 423 3223 c.
444 3171 502 3223 edd.
522 3169 624 3222 Anterb.
644 3173 786 3240 ceterisque
805 3171 918 3224 diuurine
936 3173 1127 3242 antiquioribus.

275 3279 299 3342 §.
318 3277 368 3343 48,
387 3274 464 3328 2-3.
483 3278 644 3329 ministravit
664 3274 709 3326 Bb.
755 3277 779 3327 4.
799 3275 871 3330 Hinc
889 3293 935 3344 pro
955 3280 997 3330 dic
1014 3276 1054 3329 W.
1074 3277 1188 3334 Menoec.
1208 3292 1234 3334 et
1252 3282 1294 3336 Bu.

205 3364 230 3415 5.
247 3368 375 3435 prodetur
392 3363 494 3434 Mbcdig
513 3372 539 3415 et
556 3380 571 3415 c
590 3381 622 3415 m.
642 3380 680 3432 pr.
700 3364 747 3416 die.
785 3364 872 3416 Statim
897 3383 960 3420 uere
986 3381 1034 3418 orn.
1053 3365 1116 3419 Bbc.
1162 3371 1186 3421 6.
1207 3390 1295 3426 omnes

206 3468 255 3503 om.
269 3450 302 3501 W
315 3459 340 3502 et
354 3451 466 3504 dionocc.
503 3452 567 3504 Dein
586 3456 694 3506 servavi
713 3452 849 3505 scribit-dii
866 3461 891 3505 ct
909 3471 998 3508 omnies
1016 3458 1044 3509 iri
1061 3454 1138 3508 hebet
1157 3459 1198 3510 ed.
1215 3457 1294 3524 died.;

205 3543 244 3593 iiii
262 3539 320 3590 dont
334 3537 372 3590 W.
392 3537 435 3590 Bc.
455 3539 496 3608 dig
515 3556 536 3591 c.
556 3539 596 3591 ed.
611 3537 665 3591 Col.
701 3538 727 3590 L.
746 3556 800 3610 seq.
821 3545 939 3611 terreficio
958 3551 1002 3596 tue
1019 3554 1128 3598 tenatur
1147 3542 1192 3598 Bb.
1229 3545 1295 3599 Idem

206 3625 273 3677 liber
291 3627 412 3694 deinceps
429 3631 477 3680 iios
497 3636 543 3681 tun
561 3644 627 3680 euru
644 3629 698 3680 iam
714 3631 793 3680 morti
813 3630 932 3682 absolvit.

275 3734 299 3797 §.
318 3733 363 3796 49,
381 3731 457 3783 2-3.
475 3734 617 3801 plurimum
634 3734 690 3784 iilic
708 3735 761 3785 iam
785 3734 886 3784 inverso
912 3733 1000 3785 ordine
1027 3733 1100 3787 cedd.
1120 3734 1175 3789 Bbc
1192 3747 1220 3789 ct
1239 3738 1293 3790 edd.

208 3816 261 3870 Col.
287 3834 318 3870 ec
337 3817 402 3870 died.
440 3818 503 3870 Dein
525 3827 706 3889 truneeperunt
729 3829 835 3873 oetatem
852 3817 896 3870 Ba.
933 3819 991 3871 Mox
1012 3811 1101 3878 adiere
1125 3838 1173 3890 pro
1198 3829 1295 3881 abiisse

207 3907 294 3972 recepi
319 3921 350 3956 ex
374 3906 449 3958 codd.
474 3904 515 3955 W.
540 3904 652 3957 dicnucc.
677 3915 703 3958 et
725 3906 794 3972 Bbc,
821 3907 910 3975 quibus
935 3909 1097 3976 adstipuletur
1123 3902 1295 3981 antiquissima

208 3993 295 4046 editio.
333 3994 397 4045 Ante
416 3998 511 4063 quitur
530 4011 549 4046 r.
570 4010 601 4045 m.
620 3995 647 4047 in
666 3994 704 4046 die
723 3997 901 4064 superscripsit
922 4014 996 4062 cum,
1024 3997 1091 4066 quod
1114 3999 1141 4051 in
1166 3999 1221 4054 reli.
1239 4000 1293 4053 ilo·

208 4097 276 4132 neec.
297 4089 391 4133 textum
407 4082 504 4134 invasit.
541 4083 565 4134 4.
587 4085 664 4136 eidus
676 4097 714 4151 pr.
728 4083 769 4148 W,
789 4087 942 4141 reuersum
955 4085 999 4151 Bu,
1018 4090 1111 4142 ouibus
1123 4086 1193 4158 Μῦς,
1212 4107 1293 4145 ceant

208 4171 302 4233 poitur
320 4168 384 4228 idcd.
421 4168 482 4230 Turn
501 4174 673 4236 amoliendum
692 4172 737 4240 (ite
756 4171 788 4223 W
805 4179 832 4227 et
849 4171 915 4240 uas)
940 4173 1021 4229 indie
1042 4188 1063 4226 r.
1082 4189 1116 4228 m.
1140 4179 1248 4233 mutarit
1269 4180 1292 4232 iu
