2692 4666
179 313 222 378 54
566 270 569 275 ’
622 308 648 364 s.
666 306 822 365 aaanosn

181 471 290 535 Nonne
304 471 374 535 ideo
390 475 420 532 te
436 468 555 532 divitem
570 469 638 554 feci,
662 478 695 535 ut
710 472 933 536 excusationem
949 473 1061 536 haltere
1076 491 1136 537 uon
1151 474 1273 556 possis?

179 585 300 647 Dicatur
315 585 401 648 etiam
416 585 546 666 potenti:
570 582 630 646 Cur
644 602 704 647 non
721 583 840 648 adfuisti
856 586 972 666 viduae,
995 585 1136 668 orphanis
1152 605 1272 668 quoque

180 698 314 760 iniuriam
341 698 543 781 patientibds‘?
587 697 735 779 Numquid
764 704 796 761 tu
827 699 959 763 infirmus
989 701 1083 763 eras?
1126 699 1273 782 Numquid

87 846 90 851 -
178 828 239 874 non
262 818 383 891 poteras
406 809 593 874 subvenire?
630 808 701 873 ldeo
722 815 751 872 te
768 808 826 872 feei
840 818 1002 894 potentem,
1024 832 1084 878 non
1099 820 1132 876 ut
1145 814 1273 878 inlerres

179 924 364 1003 violentiam,
395 923 448 986 sed
471 924 647 1005 repelleres.
692 924 760 988 Non
784 924 836 987 tihi
858 927 998 1009 scriptum
1026 936 1088 991 est:
1115 926 1143 1012 ¹)
1177 928 1274 1009 Eripe

178 1041 329 1104 talariam
350 1039 578 1119 accipientem?
621 1040 690 1103 Non
715 1041 769 1103 tihi
797 1041 937 1124 scriptum
965 1049 1027 1105 est:
1044 1038 1076 1124 ²)
1106 1042 1275 1124 Pauperem

179 1163 210 1217 et
231 1175 357 1237 aponum
378 1154 415 1216 dc
438 1173 533 1216 mona
554 1156 730 1234 peccatoris
749 1156 901 1219 liberate?
937 1156 1058 1245 Dicatur
1073 1156 1160 1220 etiam
1174 1158 1274 1220 abuu-

181 1265 278 1329 danti:
305 1266 420 1329 Liberis
444 1272 473 1328 et
495 1266 659 1330 honoribus
682 1269 828 1331 cumulavi
851 1274 891 1348 te,
914 1269 1114 1333 salubritatem
1138 1271 1274 1352 corporis

180 1381 317 1444 concessi
337 1382 406 1457 tibi;
438 1399 492 1443 cur
521 1399 581 1445 non
611 1389 733 1447 secutus
764 1401 797 1446 es
820 1391 978 1466 praecepta
1000 1385 1092 1447 mea?
1136 1384 1275 1449 Famulus

180 1513 274 1576 meus,
297 1495 366 1577 quid
389 1494 447 1559 ieci
469 1496 530 1575 tihi,
554 1501 603 1558 aut
625 1497 695 1577 quid
718 1497 888 1561 contristavi
911 1499 967 1562 te‘l
1010 1500 1118 1562 Nonne
1140 1516 1200 1583 ego
1223 1499 1276 1563 tihi

180 1609 291 1673 liberos
315 1608 399 1689 dedi,
427 1608 559 1672 honores
583 1609 712 1688 contuli,
740 1610 864 1674 salutem
887 1609 1021 1674 donavi?
1066 1609 1126 1674 Cur
1146 1629 1194 1674 mo
1216 1631 1275 1676 ne-

180 1722 289 1805 gabas3
313 1739 367 1784 cur
389 1720 574 1801 aestimabas,
597 1720 677 1801 quod
696 1720 732 1783 ad
751 1722 904 1786 scientiam
918 1742 1023 1805 meam,
1046 1743 1123 1806 quae
1138 1743 1275 1810 gereres,

180 1855 241 1900 non
270 1835 463 1919 pervenirent
470 1854 480 1910 ;
510 1852 564 1896 eur
593 1835 716 1897 tenebas
746 1833 824 1898 dona
853 1855 937 1917 mea,
968 1836 1154 1920 despiciebas
1184 1857 1274 1903 man-

182 1951 248 2014 data
270 1949 360 2013 mea?
807 2019 814 2029 ,

268 2062 319 2130 64.
363 2064 500 2146 Denique
524 2064 561 2127 de
583 2063 653 2128 luda
675 2065 829 2147 proditore
852 2068 927 2130 haee
949 2065 1094 2148 colligere
1116 2064 1201 2146 licet,
1226 2065 1277 2148 qui

181 2186 212 2241 et
233 2177 386 2259 apostolus
409 2176 486 2239 iuter
508 2175 665 2240 duodecim
688 2178 801 2243 electus
823 2186 869 2242 est
891 2185 921 2242 et
941 2179 1057 2243 loculos
1072 2180 1275 2261 pecuniarum,

182 2310 254 2374 quas
283 2291 463 2375 pauperibus
495 2298 653 2375 erogaret,
682 2294 856 2357 commissos
886 2294 1030 2373 habehat,
1059 2311 1099 2356 ne
1120 2293 1275 2358 videretur

182 2413 231 2471 aut
258 2406 342 2488 quasi
369 2405 552 2486 inhonorus,
584 2412 635 2468 aut
662 2406 747 2487 quasi
775 2425 891 2491 egenus
918 2407 1069 2471 dominum
1096 2407 1275 2489 prodidisse.

181 2521 218 2583 Et
239 2522 309 2586 ideo
331 2527 364 2584 ut
384 2521 594 2585 iustificaretur
615 2522 646 2584 in
669 2539 706 2584 eo
730 2523 884 2603 dominus,
914 2524 988 2587 haec
1016 2524 1045 2586 ei
1071 2523 1213 2604 contulit,
1243 2531 1276 2587 ut

182 2653 243 2698 non
265 2634 349 2716 quasi
371 2634 476 2696 iniuria
498 2640 703 2715 exasperatus,
727 2634 781 2697 sed
804 2636 888 2717 quasi
910 2639 1131 2719 praevaricatus
1148 2638 1274 2722 gratiam

183 2749 287 2818 maiori
309 2754 390 2813 esset
412 2747 548 2813 offensae
570 2749 728 2813 obnoxius.

572 3015 741 3082 CAPUT
777 3014 886 3083 XVII.

211 3183 388 3239 Adulescentia
407 3181 490 3235 oiheia
508 3191 535 3235 et
552 3182 667 3253 exempla
687 3182 771 3234 eidem
789 3182 866 3233 aetati
885 3179 1051 3234 adcommoda
1069 3188 1252 3249 proponuntur.

269 3325 321 3395 65.
363 3329 508 3405 Quoniam
529 3329 621 3412 igitur
645 3335 674 3390 et
696 3344 824 3409 poenam
846 3324 1015 3408 inprobitati
1037 3331 1067 3387 et
1089 3323 1190 3387 virtuti
1212 3323 1279 3388 fore

184 3445 346 3530 praemium
367 3429 440 3509 satis
462 3445 583 3525 claruit,
615 3445 653 3508 de
682 3444 788 3508 officiis
817 3442 1028 3526 adgrediamur
1048 3442 1169 3523 dicere,
1202 3460 1280 3524 quae

185 3564 271 3626 nohis
294 3562 330 3624 ah
354 3559 555 3624 adulescentia
577 3558 740 3641 spectanda
762 3567 848 3639 sunt,
880 3565 912 3622 ut
941 3576 1008 3620 cum
1032 3565 1128 3622 aetate
1151 3556 1279 3622 adcres-

186 3684 254 3742 cant
283 3675 377 3741 simul.
422 3673 476 3738 Est
504 3675 596 3757 igitur
627 3675 771 3738 honorum
802 3672 1035 3737 adulescentium
1065 3673 1201 3736 timorem
1231 3672 1280 3736 dei

186 3793 307 3873 habere,
330 3788 450 3854 deferre
472 3789 654 3871 parentibus,
677 3790 822 3852 honorem
844 3789 956 3851 habere
979 3786 1163 3867 senioribus,
1186 3788 1279 3850 casti-

187 3915 276 3972 tatem
298 3906 385 3987 tueri,
409 3921 469 3972 non
492 3904 646 3992 aspernari
667 3902 865 3984 humilitatem,
890 3902 1015 3986 diligere
1038 3901 1222 3971 clementiam
1245 3918 1280 3970 at

258 4147 286 4220 1)
305 4148 383 4204 Sirac.
402 4149 428 4219 d,
445 4150 470 4204 9.
539 4151 569 4223 2)
587 4148 678 4207 Parim.
697 4150 741 4226 at,
759 4153 785 4211 4.
