2692 4666
372 310 417 363 llil
437 308 573 363 OFFlCllS
592 309 816 364 llINlSTRORUli
836 309 979 366 11111111.
1156 314 1218 379 1117

497 464 667 545 cnruu
702 443 846 544 xxvii.

121 625 150 677 ln
168 625 294 694 pecuniae
313 630 459 690 contemptu
477 623 561 674 inesse
584 621 691 674 formam
709 623 828 688 iustitiae,
847 640 922 692 quarn
939 625 1074 690 virtutem,
1101 640 1150 678 nco
1168 641 1218 680 non

122 713 187 766 alias
204 710 339 765 nonnullas
356 710 449 762 sectari
467 709 562 761 dehent
579 716 631 762 tam
646 709 743 775 clerici,
764 726 839 779 quam
852 712 989 775 antistites3
1007 711 1050 763 ubi
1062 712 1219 779 potissimum

309 796 342 849 de
358 811 410 849 non
428 795 534 848 icrenda
552 798 750 866 praecipitanter
768 799 1037 852 excommunicatione.

212 918 284 986 133.
327 918 376 983 Ad
406 935 548 1006 summam
578 918 716 980 novimus
746 918 827 1000 quod
858 919 1003 1000 pccuniae
1032 928 1219 1004 contemptus

122 1036 251 1100 iustitiae
281 1035 375 1099 forma
405 1033 462 1109 sit;
493 1037 523 1094 et
551 1031 620 1095 idco
650 1033 801 1095 avaritiam
833 1033 984 1096 declinare
1016 1030 1159 1099 debemus
1190 1041 1220 1098 et

123 1151 203 1215 omni
232 1148 331 1213 studio
360 1147 534 1225 intendere,
567 1165 606 1210 ne
635 1146 705 1227 quid
734 1146 876 1210 iaciamus
905 1164 1043 1228 umquam
1073 1147 1219 1215 adversus

122 1262 272 1341 iustitiam,
299 1259 404 1323 sedin
428 1258 564 1322 omnihus
588 1258 682 1340 gestis
704 1264 734 1320 et
757 1259 897 1340 operibus
920 1260 1121 1327 custodiamus
1144 1282 1218 1327 cam.

212 1371 283 1438 134.
321 1372 353 1438 Si
374 1364 515 1435 volumus
535 1371 746 1435 commendare
768 1391 825 1436 nos
845 1372 913 1453 dec,
936 1374 1088 1439 caritatem
1104 1376 1219 1440 hahea-

122 1506 205 1567 mus,
238 1488 394 1550 unanimes
424 1485 533 1566 simus,
567 1485 758 1550 humilitatem
788 1504 966 1568 sequamur,
1000 1488 1076 1552 alter
1096 1489 1219 1554 alterum

123 1601 324 1665 existimantes
348 1601 535 1681 superiorem
558 1600 622 1663 sibi.
659 1601 740 1665 Haec
762 1609 810 1665 cst
832 1603 910 1664 enim
930 1602 1084 1684 humilitas,
1107 1604 1133 1667 si
1147 1605 1220 1669 nihil

122 1714 179 1776 sibi
203 1713 270 1794 quis
292 1717 427 1793 arroget,
454 1717 484 1773 et
505 1711 679 1776 inferiorem
702 1731 736 1776 sc
759 1732 829 1776 esse
852 1713 1008 1778 existimet.
1052 1716 1219 1800 Episcopus

121 1832 154 1889 ut
175 1826 315 1888 membriS
338 1825 401 1888 suis
423 1831 522 1888 utatur
543 1825 661 1889 clericis
685 1833 715 1888 et
738 1827 863 1889 maxime
885 1827 1043 1909 ministris,
1075 1831 1126 1912 qui
1151 1839 1220 1896 sunt

121 1958 197 2004 vere
219 1939 286 2018 iilii;
309 1957 398 2021 quem
421 1939 530 2021 cuique
552 1939 661 2002 viderit
682 1946 781 2022 aptum
803 1943 928 2021 muneri,
951 1943 979 2006 ci
1002 1943 1130 2027 deputet.

214 2049 284 2116 135.
330 2051 402 2118 Cum
436 2049 542 2116 dolore
575 2057 742 2133 amputatur
775 2053 863 2115 etiam
896 2072 973 2134 quae
1006 2056 1117 2136 putruit
1148 2075 1219 2139 pars

122 2165 259 2247 corporis
282 2171 313 2227 et
335 2164 385 2228 diu
407 2171 557 2244 tractatur,
581 2165 607 2228 si
626 2171 727 2248 potest
741 2167 840 2230 sanari
855 2168 1095 2248 medicamentis3
1117 2171 1219 2234 sinon

120 2284 241 2361 potest,
271 2284 341 2340 tunc
363 2295 381 2340 a
403 2277 519 2341 medico
543 2278 623 2341 bono
647 2279 816 2343 absciditur.
861 2281 910 2346 Sic
932 2281 1067 2366 episcopi
1095 2283 1219 2347 allectus

120 2391 194 2455 boni
216 2395 278 2471 est,
310 2395 343 2453 11
365 2397 448 2473 optet
470 2408 577 2455 sanare
599 2391 749 2471 infirmos,
780 2395 930 2474 serpentia
957 2395 1078 2459 auferre
1105 2397 1217 2478 ulcera,

121 2503 251 2569 adurere
283 2503 395 2585 aliqua,
427 2521 490 2566 non
521 2502 695 2583 abscidere,
729 2510 883 2585 postremo
915 2507 995 2587 quod
1026 2511 1126 2573 sanari
1156 2527 1217 2573 non

122 2624 233 2700 potest,
257 2636 322 2680 cum
346 2616 451 2681 dolore
474 2617 638 2681 abscidere.
676 2616 761 2680 Unde
782 2618 1010 2699 pulcherrimum
1032 2619 1104 2683 illud
1124 2640 1217 2704 prae-

123 2737 242 2815 ceptum
268 2731 363 2814 magis
392 2730 518 2810 eminet,
551 2734 584 2792 ut
613 2730 779 2812 cogitemus
808 2746 871 2793 non
900 2748 977 2812 quae
1006 2739 1110 2796 nostra
1138 2741 1217 2814 sunt,

122 2844 179 2909 sed
207 2862 285 2926 quac
313 2845 446 2907 aliorum.
464 2841 495 2929 ¹)
539 2843 604 2906 Hoc
636 2843 712 2905 enirn
744 2843 833 2907 modo
862 2845 933 2908 nihil
961 2845 1035 2927 erit,
1065 2845 1146 2928 quod
1168 2848 1218 2911 vel

122 2959 190 3021 irati
218 2963 323 3022 nostro
353 2953 559 3039 indulgeamus
590 2954 726 3034 affectui,
757 2955 805 3018 vel
835 2955 970 3020 faventes
1000 2965 1122 3024 nostrae
1150 2960 1217 3042 plus

122 3072 202 3136 iusto
224 3073 385 3138 tribuamus
407 3069 518 3150 aliquid
541 3068 693 3133 voluntati.

488 3267 659 3335 CAPUT
692 3268 852 3334 XXVIII.

121 3416 324 3470 Misericordiam
349 3417 424 3468 ctiam
448 3430 504 3466 cum
527 3414 623 3468 invidia
646 3415 747 3482 propria
770 3412 865 3482 largius
886 3415 1068 3482 exercendam,
1096 3415 1129 3468 ad
1147 3417 1214 3486 quod

121 3504 235 3557 refertur
252 3503 424 3556 memorabilis
444 3519 561 3556 uasorum
579 3519 709 3556 sacrorum
732 3503 758 3552 in
783 3502 940 3568 captivorum
963 3503 1165 3572 redemptionem
1183 3504 1215 3556 ab

120 3590 258 3644 Ambrosio
276 3590 413 3644 fractorum
431 3591 535 3644 historia
554 3601 581 3644 et
598 3591 767 3661 pulcherrima
786 3590 817 3642 de
837 3591 889 3641 auri
907 3597 934 3641 11
952 3591 1059 3658 argenti,
1079 3607 1142 3661 quae
1161 3591 1215 3643 Ec-

122 3677 202 3730 clesia
228 3680 360 3746 possidet,
387 3679 502 3748 legitimo
528 3697 575 3732 usu
601 3680 796 3748 praecipiuntur.
840 3677 904 3730 llinc
929 3685 1062 3747 postquam
1089 3694 1120 3730 ex
1147 3678 1214 3730 iacto

123 3765 204 3836 sancti
216 3765 343 3819 Laurentii
363 3767 464 3837 quinam
481 3768 537 3818 veri
555 3769 604 3820 sint
616 3767 749 3819 Ecclesiae
768 3767 879 3818 thesauri
898 3775 1027 3819 ostensum
1045 3774 1093 3831 est,
1110 3765 1215 3834 regulae

154 3854 181 3904 in
202 3852 340 3906 conflandis
357 3862 435 3924 atque
452 3855 620 3922 inpendendis
638 3857 704 3908 vasis
723 3857 826 3909 initiatis
843 3855 984 3908 servandae
1002 3861 1183 3922 proponuntur.

213 3974 283 4043 136.
328 3979 393 4044 Hoc
423 3980 580 4044 maximum
610 3981 789 4044 incentivum
811 3978 1050 4057 misericordiae,
1084 3984 1115 4040 ut
1137 3995 1215 4040 con-

127 4088 335 4098 Μ

195 4134 392 4202 oman
