2692 4666
176 328 217 388 96
621 322 647 376 S.
667 321 822 378 auuuosu

266 479 339 546 184.
364 466 485 563 “*ttaqne
508 480 668 546 considera
692 482 939 564 quemadmodum
963 472 1036 562 eos,
1059 481 1110 561 qui
1125 477 1161 542 ad
1178 477 1276 543 officia

177 597 324 660 ecclesiae
355 594 516 675 accedunt,
551 595 774 678 despicientiam
805 615 904 660 nerum
938 597 1130 658 humanarum
1163 593 1276 656 habere

177 711 289 775 debere
312 712 428 775 doceat.
473 710 508 773 Si
531 731 604 792 erpo
621 708 650 794 ¹)
673 713 787 773 mortui
811 712 977 774 esttecum
1002 708 1127 771 Christo
1149 706 1190 770 cd
1212 707 1275 767 ele-

175 827 286 887 mentis
309 826 403 887 icius
426 827 544 903 mundi,
568 827 646 906 qaid
661 827 766 888 adlice
780 827 865 889 celat
878 826 1018 889 cicentes
1034 825 1073 886 de
1088 826 1147 887 doe
1161 823 1276 887 mando

176 937 371 1000 decernitis?
403 937 449 998 Ne
465 937 638 1018 tetiperitis,
662 956 700 998 ne
716 938 985 1014 attaminaveritis,
1004 957 1041 998 ne
1057 936 1274 1016 pestaaeritis,

176 1068 257 1132 pace
278 1058 352 1113 sent
374 1051 480 1114 omnic
502 1051 544 1111 ad
565 1051 777 1128 corruptelam
799 1050 871 1128 ipae
894 1070 963 1113 aaa.
1008 1049 1043 1111 Et
1070 1050 1161 1113 infra:
1178 1047 1211 1134 ²)
1242 1049 1277 1110 Si

176 1187 250 1247 erpo
273 1165 518 1229 conscereaietis
538 1183 604 1226 eam
622 1163 758 1241 Christo,
783 1181 864 1242 qaae
886 1182 1010 1225 sarsum
1031 1171 1105 1226 sant
1127 1163 1276 1243 quaerite.

175 1278 213 1342 Et
242 1281 365 1342 iterum:
382 1275 416 1361 ³)
450 1277 636 1356 Mortificate
665 1297 737 1358 erpo
769 1277 904 1338 membru
934 1285 1058 1356 cestra,
1094 1297 1175 1359 qaae
1206 1284 1280 1340 sunl

176 1412 270 1472 seper
294 1400 416 1466 terram.
461 1390 499 1453 Et
521 1391 596 1453 haec
620 1390 738 1470 quidem
760 1388 857 1453 adhuc
881 1392 1016 1453 omnibus
1039 1389 1195 1466 fidelibus3
1225 1389 1278 1452 tibi

177 1513 292 1585 autem,
326 1504 383 1584 lili,
416 1511 617 1585 contemptum
652 1503 838 1583 divitiarum,
874 1503 1065 1585 prolanaaum
1090 1521 1212 1584 quoque
1248 1509 1279 1565 et

178 1617 295 1680 anilium
319 1615 484 1678 fabularum
507 1615 613 1680 suadet
636 1613 884 1695 declinationem,
908 1616 979 1679 nihil
1003 1617 1197 1697 permittens,
1222 1614 1279 1677 nisi

178 1730 259 1810 quod
292 1737 322 1791 te
357 1735 498 1793 exerceat
532 1729 568 1790 ad
604 1730 760 1810 pietatem,
799 1730 867 1810 quia
903 1731 1068 1812 corporalis
1102 1730 1277 1794 exercitatio

180 1843 254 1906 nulli
277 1845 322 1907 rei
345 1844 413 1906 usui
436 1849 496 1922 est,
519 1843 613 1924 pietas
636 1849 733 1906 autem
755 1844 793 1906 ad
817 1845 913 1907 omnia
936 1844 1023 1906 utilis.
1037 1840 1069 1927 ⁴)

268 1954 338 2019 185.
382 1956 532 2020 Exereeat
556 1975 630 2038 ergo
651 1964 681 2019 te
704 1959 799 2038 pietas
823 1957 859 2021 ad
883 1958 1032 2036 iustitiam,
1056 1956 1277 2036 continentiam,

160 2071 449 2150 mansuetudinem,
479 2078 511 2133 ut
533 2071 631 2154 fugias
654 2072 793 2135 iuvenilia
817 2090 925 2153 opera,
957 2071 1148 2134 confirmatus
1172 2076 1202 2131 et
1224 2087 1279 2131 ra-

178 2182 291 2247 dicatus
315 2185 345 2247 in
367 2187 462 2268 gratia
493 2188 604 2249 bonum
634 2186 704 2249 fidei
733 2187 843 2250 subeas
874 2185 1025 2249 certamen
1033 2206 1042 2261 ;
1078 2203 1139 2247 non
1169 2189 1199 2246 te
1229 2184 1278 2245 in-

178 2295 273 2378 plices
295 2297 425 2379 negotiis
456 2298 675 2377 saecularibus,
708 2299 848 2378 quoniam
876 2296 933 2360 deo
957 2298 1070 2360 militas.
1115 2296 1232 2360 Etenim
1253 2296 1278 2359 si

178 2407 221 2488 is,
255 2411 306 2490 qui
333 2410 505 2492 imperatori
535 2410 652 2487 militat,
684 2427 700 2469 a
725 2409 963 2489 susceptionibus
991 2409 1098 2488 litium,
1128 2414 1195 2470 actu
1218 2424 1277 2470 ne-

181 2523 332 2605 gotiorum
361 2522 544 2601 forensium,
574 2521 746 2585 venditione
774 2523 916 2584 mercium
946 2521 1120 2602 prohibetur
1142 2520 1277 2583 humanis

180 2635 316 2718 legibus,
340 2645 450 2718 quanto
472 2637 567 2719 magis
591 2635 641 2715 qui
663 2634 732 2697 fidei
756 2640 878 2696 exercet
900 2633 1044 2713 militiam,
1067 2635 1104 2696 ab
1123 2634 1204 2698 omni
1221 2650 1277 2696 usu

89 2774 102 2823 a„
181 2751 393 2832 negotiationis
419 2750 568 2814 abstinere
592 2748 696 2828 debet,
726 2748 845 2830 agelluli
868 2748 915 2809 sui
939 2753 1096 2811 contentus
1123 2747 1278 2825 fructibus,

181 2862 207 2924 si
229 2861 334 2938 habet3
362 2864 388 2926 si
410 2882 471 2927 non
493 2863 599 2941 hahet,
622 2861 836 2944 stipendiorum
859 2877 981 2924 suorum
1005 2860 1130 2924 fructu?
1175 2859 1278 2942 Siqui-

181 2972 250 3037 dem
283 2976 380 3039 bonus
416 2977 500 3039 testis
536 2982 582 3038 est
616 2976 666 3056 qui
700 2975 786 3036 dicit:
812 2971 844 3057 5)
882 2972 1008 3037 leaenis
1041 2974 1092 3052 fai
1125 2982 1155 3035 et
1188 2974 1278 3037 sanai

181 3094 212 3148 et
243 3107 306 3151 non
337 3090 402 3151 eidi
432 3091 546 3154 iactam
574 3091 772 3166 derelictum,
807 3102 864 3151 nec
892 3108 994 3151 semen
1025 3089 1092 3152 eius
1123 3107 1279 3168 quaerens

180 3217 300 3280 panem.
359 3201 402 3264 Ea
443 3209 488 3265 est
529 3203 608 3266 enim
650 3202 844 3284 tranquillitas
883 3202 972 3264 animi
1012 3207 1042 3264 et
1074 3202 1278 3283 temperantia,

181 3331 259 3394 qnae
281 3331 380 3396 neque
402 3315 502 3379 studio
531 3316 695 3398 quaerendi
724 3296 864 3395 afficitur,
897 3333 997 3396 neque
1026 3316 1169 3399 egestatis
1199 3323 1279 3379 metu

181 3429 308 3511 angitur.

182 3585 388 3599 —n-—n——.-

253 3693 282 3764 1)
298 3694 395 3748 Colcsa.
408 3697 433 3761 2,
447 3696 481 3747 20
492 3712 545 3764 seq.
600 3696 628 3762 2)
642 3694 835 3764 Golffilaeq.
891 3693 919 3760 3)
932 3691 996 3747 lbid.
1008 3711 1034 3748 v.
1047 3694 1072 3746 5.
1135 3697 1165 3763 4)
1180 3701 1204 3751 1.
1217 3695 1280 3749 Tim.

182 3781 209 3848 l,
227 3781 243 3832 *l
262 3799 315 3852 aeq.
388 3783 416 3852 5)
435 3781 525 3838 Psalm.
544 3781 587 3849 36,
607 3782 649 3836 25.
