2692 4666
360 326 406 379 bu
426 324 563 379 orutcus
583 322 807 379 btttttstttohtlltl
824 323 922 378 LIBER
939 323 981 377 uu
1156 325 1217 390 221

121 485 259 551 adversis
288 484 373 548 amici
404 486 544 567 patientia
577 491 606 548 et
639 486 795 549 tolerantia
825 485 995 548 necessaria
1026 492 1088 564 est,
1122 484 1165 546 sio
1194 484 1224 546 in

121 598 277 681 prosperis
307 599 467 662 auctoritas
499 618 633 681 congrua
668 606 731 679 est,
769 606 801 662 ul
833 597 1021 663 insolentiam
1054 597 1240 662 extollentis

120 731 155 776 se
178 713 264 775 amici
286 712 427 793 reprimat
450 715 479 772 et
501 710 670 791 redarguat.

212 822 282 888 131.
327 823 422 897 Quam
454 822 578 904 pulobre
612 824 642 885 in
678 822 814 885 adversis
850 822 965 903 positus
1000 822 1051 886 lob
1087 820 1174 883 dicit:
1195 818 1223 905 ¹)

121 937 314 1000 Miseremini
336 937 411 1015 naci,
440 936 548 1011 amici,
581 936 779 998 miseremini.
823 936 891 998 Non
916 936 1002 1016 quasi
1024 934 1139 997 abiecta
1161 952 1224 997 vox

121 1052 177 1113 ista
201 1058 263 1130 est,
286 1049 341 1113 sed
364 1049 448 1130 quasi
473 1049 620 1110 censoria.
665 1049 739 1111 Nam
763 1067 830 1110 cum
852 1049 960 1110 iniuste
984 1054 1163 1132 argueretur
1185 1049 1221 1110 ab

121 1164 244 1243 amicis,
273 1162 444 1244 respondit:
480 1162 672 1224 Miseremini
694 1164 771 1239 mei,
806 1163 899 1225 amici
907 1183 919 1238 ,·
952 1162 1011 1226 hoo
1034 1169 1080 1225 est
1102 1162 1222 1224 miseri-

122 1273 254 1337 cordiam
286 1273 402 1335 debetis
433 1272 549 1334 iacere:
585 1275 750 1354 opprimitis
780 1282 877 1337 autem
906 1291 963 1338 vos
994 1281 1023 1338 et
1054 1274 1222 1358 inpugnatis

122 1387 291 1466 hominem,
327 1387 411 1450 cuius
435 1388 586 1450 aerumnis
609 1390 726 1469 conpali
749 1406 805 1469 pro
830 1390 955 1451 amicitia
979 1407 1033 1451 vos
1056 1390 1222 1471 oportebat.

212 1498 281 1564 132.
327 1499 453 1564 Servate
476 1500 577 1582 igitur,
601 1500 661 1579 tilii,
685 1501 785 1562 initam
808 1519 874 1563 cum
898 1501 1036 1564 iratribus
1057 1503 1229 1581 amicitiam,-

123 1633 181 1695 qua
206 1613 279 1676 nibil
309 1621 355 1676 est
385 1615 416 1676 iu
441 1615 533 1678 rebus
564 1614 699 1677 humanis
729 1615 892 1696 pulchrius.
937 1615 1085 1682 Solaciurir
1113 1620 1222 1700 quippe

122 1727 201 1789 vitae
224 1726 310 1789 buius
334 1731 396 1802 est,
421 1732 452 1786 ut
472 1724 600 1803 habeas,
626 1727 672 1787 cui
689 1733 794 1808 pectus
813 1726 930 1809 aperias
951 1735 1049 1810 tuum,
1073 1748 1139 1793 cum
1161 1749 1221 1813 quo

121 1858 229 1903 arcana
260 1840 436 1922 participes,
471 1841 518 1902 cui
551 1842 716 1904 committas
752 1850 902 1906 secretum
935 1848 1067 1926 pectoris
1098 1848 1156 1925 tui,
1189 1852 1223 1910 ut

121 1955 263 2017 conloces
295 1955 345 2016 tibi
376 1953 493 2016 fidelem
517 1956 629 2035 virum,
661 1957 763 2037 quiin
786 1959 941 2039 prosperis
972 1957 1137 2040 gratuletur
1159 1958 1222 2037 tibi,

120 2066 150 2127 iu
172 2067 305 2129 tristibus
329 2066 533 2146 conpatiatur,
562 2068 592 2128 in
615 2067 876 2147 persecutionibus
898 2066 1080 2128 adhortetur.
1126 2065 1221 2139 Quam

123 2180 194 2242 boui
216 2182 302 2243 amici
324 2180 451 2243 liebraei
475 2181 579 2261 pueri,
603 2199 679 2260 quos
701 2199 718 2242 a
741 2183 787 2243 sai
810 2199 912 2243 amore
935 2197 992 2241 nco
1015 2178 1146 2242 fornacis
1169 2194 1221 2241 ar-

123 2292 221 2355 dentis
256 2292 370 2355 damma
405 2293 528 2356 divisit?
553 2290 584 2376 ¹²)
637 2294 683 2355 lle
718 2312 777 2374 quo
811 2294 881 2357 loeo
912 2293 1048 2375 superius
1083 2291 1221 2355 diximus.

122 2406 206 2468 Rene
228 2397 407 2469 aitsanctus
430 2407 542 2469 David:
560 2402 592 2489 ³)
622 2407 703 2469 Soet
723 2416 754 2469 ct
774 2406 930 2470 Ionatham
952 2406 1091 2484 speciosi
1113 2414 1144 2468 et
1166 2424 1222 2468 ca·

121 2519 261 2595 rissimi,
298 2520 530 2598 inseparabiles
562 2521 596 2582 ta
629 2520 696 2582 aito
723 2540 783 2584 sua
812 2529 843 2582 et
869 2519 903 2581 ia
931 2528 1028 2581 morte
1057 2537 1120 2581 aon
1149 2525 1224 2582 suat

120 2633 271 2713 separati.

212 2743 283 2808 133.
328 2747 383 2809 llio
413 2753 459 2810 est
493 2748 639 2810 amicitiae
673 2747 805 2826 fructus,
838 2764 900 2809 uon
932 2750 965 2808 ut
993 2743 1067 2806 tides
1099 2752 1222 2826 propter

121 2858 277 2920 amicitiam
311 2857 481 2922 destruatur
489 2881 499 2936 ;
538 2877 599 2922 non
630 2867 730 2940 potest
759 2859 837 2920 enim
865 2857 975 2920 homini
1007 2857 1119 2920 amicus
1151 2876 1221 2921 esse

121 2971 172 3052 qui
197 2970 254 3033 deo
278 2969 368 3033 inerit
390 2971 504 3034 infidus.
551 2973 669 3035 Pietatis
700 2981 803 3035 custos
834 2972 959 3035 amicitia
983 2976 1029 3032 est
1052 2977 1082 3032 et
1105 2988 1221 3052 aequa-

122 3080 211 3143 litatis
243 3085 402 3165 magistra,
436 3091 468 3145 ut
496 3087 635 3163 superior
664 3083 799 3146 interiori
829 3100 864 3145 se
887 3083 1027 3144 exhibeat
1057 3084 1220 3164 aequalem,

121 3192 246 3257 interior
280 3196 437 3275 superiori.
495 3195 574 3258 lnter
611 3195 746 3276 dispares
781 3197 860 3257 enim
893 3213 994 3259 mores
1027 3213 1087 3258 non
1122 3201 1222 3276 potest

121 3325 191 3369 esse
214 3309 355 3384 amicitia3
390 3315 420 3371 et
442 3309 510 3373 ideo
534 3310 698 3370 convenire
726 3308 782 3368 sibi
813 3308 968 3387 utriusque
1000 3307 1089 3368 debet
1117 3307 1228 3388 gratia-

120 3419 186 3481 Nec
208 3423 369 3484 auctoritas
393 3420 470 3482 desit
493 3419 644 3495 inferiori,
668 3418 694 3479 si
716 3433 765 3477 res
787 3420 978 3498 poposcerit,
1000 3434 1058 3480 neo
1074 3416 1221 3479 humilitas

121 3533 281 3613 superiori.
327 3531 437 3593 Audiat
458 3533 544 3612 quasi
566 3549 687 3611 parem,
709 3530 795 3609 quasi
817 3527 971 3608 aequalem
978 3551 988 3604 3
1012 3536 1042 3590 et
1063 3530 1113 3592 ille
1136 3529 1221 3610 quusi

121 3646 233 3706 amicus
256 3651 390 3724 moneat,
421 3646 576 3727 obiurget,
606 3660 667 3706 non
697 3644 853 3705 iactantiae
882 3640 998 3720 studio,
1027 3640 1082 3705 sed
1113 3642 1221 3707 allecta

120 3760 260 3821 caritatis.

211 3870 283 3935 134.
327 3870 432 3952 Neque
460 3871 581 3934 monitio
612 3888 719 3951 aspera
740 3871 793 3949 sit,
823 3887 923 3951 neque
951 3870 1118 3953 obiurgatio
1141 3887 1220 3934 cou-

123 4022 329 4032 -—-.-..-.-

196 4110 224 4176 1)
242 4109 295 4162 lob.
316 4108 358 4176 19,
377 4110 419 4162 21.
491 4110 520 4177 2)
540 4109 604 4164 Dan.
624 4108 650 4177 3,
672 4109 703 4162 16
720 4126 775 4181 seq.
846 4108 876 4179 3]
894 4109 919 4162 2.
937 4108 1002 4178 [laq.
1022 4107 1047 4175 1,
1065 4106 1108 4162 23.
