2692 4666
365 305 409 358 DE
429 304 565 359 unricus
585 303 803 358 blllllSTllollUbl
822 304 918 360 LIBER
936 308 977 361 Ill.
1154 312 1219 375 205

522 472 693 539 CAPUT
727 473 820 542 XIV.

120 612 235 666 Helisaei
253 613 347 665 lactum
368 629 442 681 quam
461 611 595 663 honestum
614 619 689 680 atque
707 611 767 664 utile
785 612 869 663 luerit.
905 611 1025 665 Eiusdem
1044 630 1101 666 cum
1120 616 1218 668 decan-

121 710 176 753 tato
195 699 349 752 Graecorum
368 701 483 751 facinore
507 701 663 766 conparatio.
700 698 820 752 loannem
845 716 892 768 pro
916 699 1052 752 honestate
1075 704 1151 754 vitam
1177 706 1218 754 in-

121 788 259 856 pendisse,
285 803 334 838 aec
352 803 403 838 non
422 785 561 837 Susannam
580 786 671 838 eadem
691 804 766 839 causa
783 804 812 840 se
831 789 918 839 mortis
942 788 1058 855 periculo
1083 789 1217 842 obiecisse.

210 916 262 983 86.
307 918 382 992 Ouid
405 934 479 979 vero
503 916 678 996 Helisaeus,
709 919 767 980 nisi
797 919 983 982 honestatem
1012 927 1133 982 secutus
1164 928 1218 999 ost,

122 1052 191 1096 cum
214 1034 377 1095 exercitum
395 1032 510 1113 Syriae,
535 1032 585 1112 qui
608 1031 645 1093 ad
669 1032 862 1095 obsidendum
881 1051 948 1094 cum
964 1041 1098 1112 veneral,
1122 1036 1219 1115 eapti-

122 1166 194 1209 vum
216 1146 380 1208 introduxit
401 1147 432 1207 in
449 1144 618 1223 salinariam,
643 1147 727 1208 cuius
750 1145 855 1209 oculos
879 1149 1020 1210 caecitate
1044 1148 1218 1228 obduxerat,

123 1267 155 1322 el
184 1260 272 1323 dixit:
293 1257 332 1345 ¹)r
354 1261 506 1338 Domine,
540 1260 630 1339 uperi
661 1261 769 1323 oculor
799 1281 922 1338 eoram,
952 1270 987 1324 at
1013 1263 1158 1339 uideant,
1190 1272 1221 1324 et

122 1374 296 1435 ciderunt?
339 1373 441 1453 ltaque
472 1391 538 1434 cum
567 1392 624 1435 rex
643 1373 736 1436 lsrael
762 1381 922 1454 percutere
951 1375 1106 1456 ingressos
1128 1376 1219 1437 vellet

124 1506 250 1568 eamque
279 1487 336 1549 sibi
364 1487 428 1549 dari
458 1505 475 1549 a
502 1487 648 1568 propbeta
677 1488 844 1552 facultatem
874 1495 1031 1580 posceret,
1063 1488 1219 1569 respondit

123 1619 185 1664 non
208 1601 437 1682 percutiendoS,
468 1620 594 1682 quorum
617 1603 813 1683 captivitatem
836 1622 897 1666 non
920 1609 1001 1666 esset
1024 1622 1112 1666 manu
1138 1620 1217 1684 ope-

123 1719 206 1774 ratus
229 1713 377 1793 armisque
400 1712 529 1791 bellicis,
561 1713 615 1775 sed
643 1714 738 1797 magis
768 1714 901 1777 subsidio
933 1715 1137 1794 alimentorum
1166 1717 1216 1778 iu-

124 1822 248 1888 vandos.
298 1826 434 1905 Denique
465 1823 632 1904 epularibus
660 1823 766 1888 relecti
797 1826 890 1907 copiis
920 1846 1078 1909 numquam
1111 1836 1216 1908 postea

123 1939 154 2002 in
176 1945 286 2002 terram
308 1939 401 2000 lsrael
423 1939 536 2020 piratae
559 1939 663 2021 Syriae
686 1939 895 2002 revertendum
920 1949 1068 2020 putarunt.

212 2050 265 2114 87.
300 2051 415 2125 Quanto
438 2051 497 2114 boe
520 2051 683 2130 sublimius,
706 2071 793 2132 quam
815 2053 886 2116 illud
909 2052 1102 2134 Graecorum,
1125 2055 1216 2135 quod,

125 2184 193 2228 cum
215 2164 275 2228 duo
298 2166 399 2247 populi
422 2164 580 2228 adversum
603 2184 637 2228 se
657 2165 695 2227 de
710 2165 806 2249 gloria
820 2167 1005 2248 imperioque
1020 2166 1218 2249 decertarent,

125 2286 156 2341 et
177 2279 253 2342 alter
276 2297 315 2340 cx
336 2279 382 2340 his
405 2279 528 2341 baberet
551 2281 682 2360 copiam,
713 2280 959 2361 quemadmodum
981 2299 1074 2344 naves
1098 2282 1218 2346 alterius

124 2393 230 2474 populi
252 2391 385 2455 clanculo
409 2398 562 2471 exureret,
585 2399 671 2474 turpe
695 2393 818 2455 credidit
840 2394 999 2476 maluitque
1015 2396 1112 2457 minus
1128 2414 1220 2479 posse

124 2506 264 2584 honeste,
288 2523 374 2586 quam
397 2505 462 2587 plus
484 2503 623 2584 turpiterl
667 2503 704 2566 Et
726 2505 775 2567 isti
797 2503 915 2586 quidem
938 2507 1004 2567 sine
1026 2505 1137 2589 llagitio
1161 2508 1219 2570 boc

125 2620 228 2683 lacere
251 2619 422 2699 nequibant,
444 2625 476 2682 ut
498 2635 563 2697 θος,
585 2619 634 2699 qui
659 2619 880 2682 consummandi
903 2619 972 2681 balli
991 2619 1102 2682 Persici
1124 2622 1219 2702 gratia

124 2733 350 2796 insacietatem
373 2737 593 2809 convenerant,
616 2731 671 2793 bae
694 2730 800 2793 fraude
824 2730 1011 2812 deciperent;
1041 2749 1128 2810 quam
1149 2731 1219 2794 licet

125 2853 254 2928 possent
276 2863 398 2928 negare,
422 2863 482 2907 non
505 2850 631 2926 possent
647 2851 820 2907 tamennon
836 2844 1026 2906 erubescere.
1063 2844 1219 2908 Helisaeus

125 2967 224 3023 autem
247 2977 308 3022 non
332 2957 454 3037 fraude,
485 2957 627 3041 deceptos
649 2958 734 3038 licet,
766 2958 819 3023 sed
842 2964 989 3041 potestate
1012 2958 1123 3021 domini
1145 2978 1219 3041 per-

126 3087 234 3135 cussos
264 3070 364 3133 maluit
393 3074 491 3132 tamen
520 3086 661 3148 servare,
694 3088 780 3149 quam
808 3070 954 3152 perdere,
987 3072 1054 3153 quia
1078 3071 1220 3135 decorum

125 3186 206 3248 foret
226 3185 306 3249 hosti
328 3203 453 3266 parcere
476 3192 507 3247 et
528 3184 700 3247 adversario
721 3183 835 3248 donare
850 3187 948 3267 vitam,
972 3206 1058 3268 quam
1073 3187 1220 3268 potuisset

127 3298 260 3378 auferre,
282 3300 337 3363 nisi
359 3300 554 3382 pepercisset.

214 3409 267 3477 88.
311 3413 416 3495 Liquet
445 3415 535 3497 igitur
565 3414 610 3495 id,
641 3413 721 3495 quod
752 3413 895 3476 decorum
918 3421 981 3493 est,
1010 3432 1129 3496 semper
1151 3430 1219 3474 esse

126 3527 208 3589 utile.
246 3525 320 3588 Nam
343 3533 373 3589 et
394 3526 487 3590 luditb
510 3535 612 3590 saneta
635 3525 745 3590 decoro
769 3532 939 3608 contemptu
961 3527 1100 3608 propriae
1117 3527 1219 3589 salutis

127 3640 220 3705 solvit
242 3639 405 3704 obsidionis
425 3640 590 3723 periculum
613 3648 642 3703 et
664 3640 809 3722 publicam
831 3639 987 3702 honestate
1011 3640 1133 3721 propria
1162 3637 1219 3701 ad-

128 3754 249 3837 quisivit
269 3754 438 3832 utilitatem3
469 3761 499 3817 et
519 3755 674 3821 Helisaeus
696 3755 859 3839 gloriosius
880 3752 1012 3836 ignovit,
1035 3770 1122 3835 quarn
1144 3771 1219 3833 per-

128 3869 200 3931 culit
222 3875 252 3930 et
273 3869 372 3932 utilius
395 3871 562 3935 reservavit
583 3872 695 3951 hostes,
720 3888 796 3953 quos
819 3874 946 3952 ceperat.

202 4113 229 4176 1)
248 4112 272 4166 l.
284 4111 348 4182 aeg.
368 4114 393 4178 6,
414 4112 446 4163 18
464 4128 534 4181 seqq.
