2692 4666
378 320 424 379 ott
442 320 578 380 ourtous
597 320 820 379 tumstnotttttt
836 321 934 380 trouu
951 323 971 380 1.
1178 329 1219 393 55

125 482 346 564 verecundiam,
368 502 445 566 quae
467 492 641 550 ornamento
664 490 734 552 sunt
755 485 862 549 minori
886 485 982 548 aetati.
1027 485 1065 548 ut
1088 486 1220 549 enimin

126 597 247 662 senibus
270 599 418 682 gravitas,
448 598 480 660 in
501 598 658 662 iuvenibus
682 597 838 678 alacritas,
867 599 906 659 ita
930 597 960 658 in
982 596 1218 660 adulescentibus

126 709 319 791 verecundia,
344 711 424 775 velut
446 710 570 793 medam
593 710 663 774 dote
685 711 908 791 commendatur
930 718 1062 774 naturae.

213 821 264 888 66.
308 823 377 888 Erat
400 823 482 888 Isaac
506 826 654 889 dominum
677 828 793 906 timens,
815 832 918 908 utpote
932 823 1071 888 Abrahae
1093 824 1218 906 indoles,

126 935 268 1001 deferens
291 938 486 1020 patriusque
509 938 602 1020 adeo,
634 946 668 1001 ut
695 938 841 1003 adversus
863 944 1014 1020 paternam
1036 938 1218 1003 voluntatem

125 1071 184 1115 nec
206 1058 332 1116 mortem
352 1060 514 1116 recusaret.
527 1051 559 1138 ¹)
596 1054 704 1136 loseph
727 1071 847 1135 quoque
862 1072 928 1117 eum
944 1054 1123 1118 somniasset
1138 1052 1218 1135 quod

125 1170 171 1234 sol
193 1176 225 1232 et
244 1169 313 1232 luna
337 1174 366 1230 et
389 1169 493 1232 stellae
515 1169 676 1233 adorarent
698 1187 783 1249 eum,
816 1168 920 1233 sedulo
948 1175 1046 1231 nmen
1072 1167 1217 1248 obsequio

125 1282 281 1347 deferebat
302 1283 394 1365 patri,
411 1279 443 1365 2)
467 1289 582 1361 castus,
605 1283 645 1345 ita
666 1289 699 1344 ut
720 1300 759 1344 ne
781 1300 951 1346 sermonem
974 1280 1091 1364 quidem
1114 1280 1218 1344 audire
1325 1265 1328 1272 Α

124 1396 232 1475 vellet,
263 1394 321 1458 nisi
342 1393 498 1475 pudicum;
515 1390 547 1477 3)
579 1393 694 1456 humilis
724 1394 879 1476 usquead
902 1395 1092 1475 servitutem,
1123 1413 1217 1458 vere·

124 1507 241 1572 cundus
263 1526 358 1592 usque
380 1507 417 1571 ad
440 1506 549 1590 lugam,
572 1509 686 1589 patiens
708 1526 804 1589 usquc
826 1507 862 1571 ad
886 1527 1047 1589 carcerem,
1072 1511 1217 1574 remissor

123 1625 251 1690 iniuriae
278 1642 375 1706 usque
405 1622 441 1687 ad
471 1623 749 1688 remunerationem.
803 1622 891 1688 Cuius
925 1631 1004 1689 tanta
1035 1623 1216 1689 verecundia

124 1739 190 1820 fuit,
212 1746 245 1802 ut
267 1738 490 1821 conprehensus
513 1754 530 1798 a
552 1735 676 1799 muliere
691 1742 805 1800 vestem
821 1738 850 1800 in
866 1738 1000 1801 manibus
1016 1736 1081 1800 eius
1096 1736 1215 1821 lugiens

124 1853 225 1918 mallet
253 1853 441 1933 relinquere,
473 1868 560 1932 quam
590 1848 800 1914 verecundiam
832 1852 993 1934 deponere.
1037 1851 1159 1935 Moyses
1183 1848 1215 1934 4)

124 1986 245 2051 quoque
269 1974 299 2030 et
316 1966 477 2030 Hieremias
495 1962 527 2051 5)
551 1966 638 2029 electi
660 1985 677 2029 a
701 1966 831 2046 domino,
854 1975 886 2030 ut
909 1967 1029 2030 oracula
1053 1966 1101 2030 dei
1122 1986 1214 2049 prae-

124 2083 258 2147 dicarent
278 2082 406 2165 populo,
436 2081 517 2162 quod
539 2087 677 2162 poterant
697 2100 753 2163 per
774 2082 917 2164 gratiam,
949 2082 1131 2146 excusabant
1160 2101 1215 2164 per

124 2197 342 2262 verecundiam.
596 2214 619 2267 ,n

506 2396 675 2463 carun
708 2366 833 2461 xum.

122 2553 163 2608 De
183 2556 296 2625 partibus
314 2556 495 2621 verecundiae,
514 2541 727 2625 qdcmadmodum
744 2572 887 2609 sermonem
900 2573 931 2609 ac
943 2555 1069 2610 silentium
1080 2520 1214 2626 tiamperet,

121 2647 268 2716 pudicitiam
288 2649 437 2711 comitetur,
460 2660 551 2712 preces
570 2652 670 2697 nostras
688 2644 738 2697 deo
757 2645 932 2710 commendet,
956 2644 1066 2697 motibus
1084 2648 1214 2713 corporeis

121 2734 284 2798 moderetur,
309 2732 353 2784 nbi
376 2733 486 2785 relertur
509 2732 613 2785 historia
639 2731 671 2784 de
699 2733 797 2784 duobus
822 2733 922 2787 clericis
948 2732 1085 2787 observatu
1111 2734 1214 2786 minime

121 2822 234 2890 indigua.
269 2820 330 2873 'lum
348 2822 519 2887 subnectitur,
546 2837 595 2890 qua
619 2823 718 2873 ratione
743 2821 926 2889 conponendas
951 2838 983 2874 ex
1007 2821 1097 2873 eadem
1121 2821 1214 2873 virtute

121 2910 248 2975 incessus,
267 2917 392 2979 quantave
410 2911 508 2975 cantio,
527 2909 638 2978 nequid
657 2908 857 2961 inverecundum
877 2924 922 2961 ore
941 2908 1085 2977 proferatur
1103 2916 1145 2960 aut
1163 2909 1212 2961 dc-

121 3004 223 3067 tegatur
240 2999 266 3049 in
285 3011 407 3066 corpore,
424 2997 569 3049 adhibenda
588 2999 635 3062 sit,
656 3005 682 3048 et
699 2997 764 3048 haec
783 2999 866 3047 omnia
884 2997 1005 3066 exemplis
1023 2996 1213 3066 adpositissimis

582 3083 751 3137 inlustrantur.

208 3225 259 3292 67.
293 3227 415 3292 Pulchra
435 3228 526 3310 igitur
547 3227 640 3290 vuius
664 3235 711 3291 est
733 3227 931 3292 verecundiae
947 3235 976 3291 et
991 3226 1092 3291 suavis
1108 3225 1213 3310 gratia,

122 3361 199 3426 quae
220 3360 281 3406 non
304 3343 398 3406 solum
421 3342 450 3402 in
473 3340 568 3421 factis,
591 3341 646 3404 sed
669 3343 756 3405 etiam
778 3342 809 3403 in
832 3343 904 3424 ipsis
924 3347 1075 3425 spectatur
1093 3356 1212 3404 serino-

120 3458 225 3538 nibus,
256 3476 294 3520 ne
316 3455 432 3519 modum
456 3456 660 3539 progrediaris
683 3456 842 3538 loquendi,
874 3475 913 3519 ne
943 3456 1013 3538 quid
1039 3454 1213 3519 indecorum

120 3589 222 3636 sermo
254 3577 376 3634 resonet
408 3579 485 3635 tuus.
539 3572 696 3654 Speculum
729 3572 806 3633 enim
839 3572 945 3635 mentis
977 3570 1150 3653 plerumque
1182 3569 1212 3632 in

120 3687 222 3750 verbis
244 3685 381 3770 refulget.
419 3687 517 3768 lps'um
539 3686 625 3750 uocis
648 3703 754 3749 sonum
776 3685 862 3749 librat
876 3686 1030 3766 modestia,
1052 3703 1091 3748 ne
1107 3685 1213 3748 cuius·

121 3819 208 3884 quam
236 3800 366 3865 offendat
396 3819 498 3866 aurem
526 3819 589 3864 vox
617 3800 730 3864 tortior.
776 3800 910 3884 Denique
941 3803 971 3864 in
998 3802 1064 3886 ipso
1087 3799 1212 3865 canendi

192 4071 221 4143 1)
240 4071 330 4127 Genea.
350 4074 392 4140 22,
411 4072 427 4123 9
445 4090 515 4143 seqq.
570 4074 598 4140 2)
617 4071 680 4127 lbid.
694 4075 772 4145 3⁷,5
790 4091 861 4148 seqq.
915 4075 943 4139 3)
963 4071 1027 4126 lbid.
1041 4073 1084 4142 39,
1103 4073 1120 4126 8
1138 4090 1209 4145 seqq.

119 4161 151 4229 t)
167 4159 248 4214 Enod.
267 4160 294 4228 l,
315 4160 354 4214 10.
425 4160 454 4230 5)
471 4160 581 4215 ffiercm.
602 4159 626 4228 1,
645 4159 670 4215 6.
752 4144 763 4161 ⁸
