2692 4666
328 330 374 385 nb
393 329 530 386 osricus
548 330 770 386 lttnlstltontttt
787 329 884 387 idm
901 330 922 389 l.
1108 335 1168 401 12¹

73 499 181 557 contra
211 492 340 557 cilicium
371 493 442 557 est?
488 493 519 558 Si
545 492 623 556 iurto
654 493 785 574 quaesita
816 494 915 558 sciens
945 494 1108 575 suscipias,
1139 501 1172 558 ut

74 606 231 670 fraudetur
254 608 305 688 qui
328 606 474 684 amiserat,
497 622 599 669 nonne
621 611 725 668 contra
747 603 877 668 cilicium
901 605 972 669 est?

162 716 235 786 255.
288 719 342 783 Est
375 720 462 782 etiam
496 727 599 782 contra
634 719 763 782 cilicium
797 737 1017 801 nonnumquam
1050 719 1172 783 solvere

75 834 263 916 promissum,
287 840 503 898 sacramentum
526 833 692 911 custodire,
715 840 747 896 ut
769 807 920 912 Herodes,
941 829 970 916 ¹)
992 835 1042 914 qui
1065 833 1173 897 iurauit

77 946 218 1026 quoniam
241 944 382 1027 quidquid
405 946 514 1027 petitas
537 952 618 1007 esset
638 944 722 1006 daret
738 943 814 1007 filiae
830 944 1007 1010 Herodiadis
1023 953 1054 1010 et
1067 965 1172 1010 necem

76 1059 198 1123 loannis
221 1061 380 1140 praestitit,
404 1078 443 1123 ne
465 1060 642 1141 promissum
666 1066 799 1142 negaret.
844 1059 917 1123 Nam
942 1059 978 1122 de
1001 1061 1123 1144 lepbtbe
1139 1058 1172 1145 ²)

75 1174 146 1256 quid
179 1173 289 1253 dicam,
323 1176 373 1255 qui
405 1175 565 1239 immolavit
597 1174 702 1254 liliam,
744 1193 819 1255 quae
854 1175 910 1238 sibi
941 1175 1048 1238 victori
1079 1176 1173 1257 prima

75 1295 267 1367 occurreret,
301 1306 361 1369 quc
384 1294 485 1350 votam
508 1288 649 1368 inpleret,
681 1286 759 1367 quod
783 1286 1003 1368 spoponderat,
1027 1293 1059 1350 ut
1081 1285 1172 1369 quid-

75 1401 147 1484 quid
177 1402 234 1466 sibi
266 1403 390 1483 primum
424 1401 624 1479 occurrisset,
658 1398 782 1462 ulierret
811 1401 893 1463 dec?
937 1400 1043 1465 Melius
1076 1399 1174 1467 luerat

75 1517 149 1578 nihil
171 1516 230 1579 tale
251 1518 443 1597 promittere,
466 1535 552 1597 quam
574 1516 752 1597 promissum
776 1514 897 1578 solvere
919 1513 1087 1595 parricidio.

163 1627 234 1695 256.
279 1630 361 1693 llaec
384 1630 485 1711 quanti
508 1631 546 1692 sit
569 1629 684 1692 consilii
706 1630 899 1711 prospicere,
932 1646 993 1692 non
1015 1629 1179 1714 ignomtis,

74 1742 112 1805 Et
135 1741 205 1806 ideo
236 1744 354 1828 eligitur
385 1745 490 1822 levita,
524 1745 573 1825 qui
604 1745 765 1806 sacrarium
796 1742 962 1823 custodial,
995 1761 1033 1806 ne
1056 1742 1174 1807 fallatur

78 1858 216 1937 consilio,
240 1874 278 1920 ne
301 1856 388 1920 fidem
412 1856 540 1936 deserat,
564 1875 602 1919 ne
625 1863 750 1918 mortem
774 1856 881 1934 timeat,
908 1874 946 1917 ne
970 1855 1039 1936 quid
1063 1857 1173 1918 intem-

74 1972 228 2054 perantius
250 1979 346 2055 gerat,
369 1979 401 2033 ut
418 1973 519 2052 specie
534 1972 598 2052 ipsa
613 1971 788 2053 gravitatem
810 1969 972 2052 praeierat,
995 1988 1052 2032 nec
1075 1969 1173 2032 solum

75 2088 222 2166 animum,
251 2084 304 2148 sed
336 2086 421 2149 eliam
453 2086 558 2148 oculos
590 2085 777 2148 continentes
809 2085 921 2147 babere
948 2102 1035 2165 quem
1060 2083 1172 2164 deceat,

75 2220 117 2264 ne
133 2202 183 2264 vel
202 2202 266 2282 ipse
289 2200 415 2263 frontem
439 2201 609 2263 sobrietatis
633 2198 771 2262 fortuitus
794 2199 885 2261 violet
908 2183 1173 2280 occursus,‘quo-

76 2315 170 2377 niam:
194 2311 226 2397 ³)
266 2313 326 2389 Oui
359 2315 474 2376 uiderit
491 2400 493 2406 A
511 2313 668 2375 mulierem
702 2316 745 2375 ad
780 2315 1056 2394 concupiscendam
1096 2333 1173 2392 eam,

77 2430 266 2492 adulteravit
294 2449 362 2492 cam
393 2431 427 2490 iu
459 2431 552 2493 corde
582 2449 650 2492 auo.
702 2429 742 2491 lta
773 2428 947 2492 adulterium
981 2444 1041 2490 non
1078 2427 1173 2490 solum

76 2542 147 2605 lacti
170 2544 367 2625 conluvione,
390 2546 443 2609 sed
469 2547 555 2607 eliam
579 2550 716 2626 aspectus
740 2543 902 2605 intentione
926 2540 1123 2604 committitur.

167 2655 239 2721 257.
284 2658 391 2741 Magna
408 2659 482 2721 baec
502 2658 640 2721 videntur
656 2676 690 2719 ac
706 2658 790 2720 nimis
810 2673 928 2733 severa,
951 2653 1005 2717 sed
1021 2655 1051 2715 in
1065 2670 1175 2738 magno

79 2791 204 2836 munere
227 2792 289 2838 non
312 2773 479 2856 superflua,
511 2773 629 2854 quando
653 2779 731 2835 tanta
755 2778 801 2835 est
822 2772 976 2834 levitarum
998 2769 1110 2851 gratia,
1143 2772 1177 2833 ul

76 2887 115 2949 de
139 2887 184 2950 bis
207 2887 329 2971 Moyses
353 2890 381 2950 in
406 2888 662 2953 benedictionibus
685 2888 814 2953 diceret:
832 2883 864 2970 ⁴)
886 2886 969 2947 Date
991 2885 1067 2949 Leci
1089 2885 1175 2947 uiros

76 3003 165 3080 eius,
190 3004 260 3065 date
283 3004 360 3065 Leoi
382 3005 565 3085 manifestos
588 3004 674 3080 eius,
702 3005 773 3066 date
796 3002 871 3066 Lcci
893 3009 1009 3063 sortem
1031 2996 1176 3080 auffrupii

76 3118 128 3181 sui
160 3126 189 3179 ct
219 3119 379 3181 ceritatem
410 3121 477 3182 eiua
505 3121 574 3182 ciro
605 3128 733 3196 sancto,
769 3137 855 3199 quem
890 3122 1112 3198 temptauerunt
1142 3113 1175 3175 in

76 3233 348 3313 temptationibus,
383 3235 615 3296 maledicerent
635 3253 732 3312 super
761 3252 875 3312 aquarn
907 3229 1174 3293 contradictionis.

80 3347 141 3423 Qui
164 3347 241 3409 dicit
258 3350 347 3426 putri
369 3369 427 3412 suo
450 3358 480 3411 et
501 3350 613 3411 matri:
646 3348 717 3411 Nou
739 3349 812 3409 uoci
836 3355 884 3418 te;
908 3353 938 3407 ct
957 3344 1077 3423 fratres
1100 3362 1175 3406 suos

77 3481 143 3524 uon
174 3465 320 3543 copnooit
347 3474 377 3526 et
399 3467 481 3546 filios
511 3484 584 3528 suos
617 3463 798 3526 abatccctt:
831 3462 881 3523 bic
915 3459 1050 3523 custodit
1081 3457 1176 3520 cerba
1202 3539 1205 3544 ἡ

78 3585 133 3639 tua
155 3585 185 3638 et
208 3585 420 3640 testamcutum
444 3587 526 3639 tuum
548 3577 733 3640 observavit.

167 3685 241 3752 258.
286 3691 330 3753 llli
353 3710 427 3775 ergo
458 3692 515 3753 viri
545 3692 609 3753 eius
632 3697 661 3753 et
683 3687 830 3750 manifesti
854 3688 933 3767 eius,
966 3688 1015 3769 qui
1045 3685 1115 3749 nihil
1145 3685 1175 3748 in

78 3801 174 3866 corde
199 3803 258 3866 doli
281 3805 418 3887 babeant,
442 3806 513 3869 nibil
537 3804 648 3867 fraudis
672 3803 828 3884 occultent,
852 3802 906 3865 sed
924 3802 1014 3866 verba
1038 3801 1102 3864 eius
1118 3818 1175 3862 cu·

151 4079 180 4148 1)
198 4078 284 4131 llattb.
309 4079 350 4146 14,
369 4079 385 4130 6
403 4095 474 4149 seqq.
554 4076 584 4147 2)
602 4075 655 4127 lud.
679 4075 720 4141 ll,
742 4073 776 4125 30
793 4089 864 4143 seqq.
936 4071 965 4141 3)
984 4070 1068 4125 blatth.
1087 4070 1112 4138 5,
1131 4071 1173 4126 28.

76 4169 110 4238 4)
128 4165 204 4222 Dect.
223 4166 267 4234 ³3,
287 4165 304 4218 8
322 4183 375 4238 seq.
