2692 4666
171 295 234 364 too
616 290 641 346 s.
660 282 816 348 auoaoso

58 453 60 461 '
168 455 330 539 displicuit,
362 455 471 537 pater‘l
511 454 587 518 Num
613 453 797 538 degenerem
819 434 977 543 pronepti?
1014 451 1162 535 Experire
1180 459 1263 518 certa

168 578 266 634 utrum
286 568 427 632 idoneum
449 569 612 632 ministrum
645 569 784 652 elegeris.
831 565 885 630 Cui
917 568 1090 633 commisisti
1125 567 1264 632 dominici

169 684 322 768 sanguinis
358 684 632 764 consecrationem,
667 684 714 746 cui
747 682 1046 746 consummandorum
1081 681 1264 748 consortium

168 803 436 879 sacramentorum,
470 776 553 860 huic‘
567 775 720 882 sanguinis
743 798 786 860 tui
809 798 991 863 consortium
1022 797 1145 882 negas?
1186 797 1263 861 Vide

167 931 206 977 ne
227 912 410 996 periclitetur
441 912 578 975 iudicium
608 919 706 992 tuum,
738 911 807 975 dum
836 910 980 977 fortitudo
1008 910 1153 975 laudatur.
1194 910 1263 974 An-

167 1027 255 1091 iectio
278 1025 413 1108 discipuli
437 1026 642 1091 detrimentum
666 1033 713 1090 est
734 1027 899 1112 magistri·
921 1025 998 1102 Quid
1020 1025 1100 1108 quod
1121 1026 1263 1090 inlustres

55 1152 58 1160 ⁴
168 1148 198 1204 et
219 1147 404 1225 praestantes
427 1142 484 1205 viri
507 1141 718 1224 discipulorum
741 1141 966 1221 certaminibus,
997 1158 1084 1223 quarn
1106 1140 1169 1203 suis
1191 1139 1263 1202 vin·

168 1256 259 1320 cunt?
302 1256 438 1338 Denique
467 1256 595 1344 Abraam
624 1255 712 1319 lilium
744 1257 867 1339 optulit,
887 1251 916 1340 ¹)
948 1256 1052 1319 Petrus
1084 1255 1263 1339 Stephanum

167 1367 325 1450 praemisit.
342 1363 375 1452 ²)
419 1367 456 1431 Et
489 1373 537 1448 tu,
568 1372 668 1449 pater,
701 1366 826 1430 ostende
856 1366 968 1432 iutilia
998 1369 1136 1434 sulutem
1163 1375 1262 1446 tuam3

169 1481 245 1545 offer
260 1500 348 1563 quem
371 1482 503 1562 erudisti,
525 1487 558 1545 ut
580 1498 705 1545 securus
728 1481 827 1545 iudicii
849 1482 891 1545 tui
913 1483 1053 1547 comitatu
1074 1484 1166 1548 nobili
1186 1502 1262 1566 por·

168 1597 271 1659 venias
294 1595 332 1659 ad
358 1614 508 1660 coronam.

256 1708 328 1776 206.
374 1711 457 1774 Tunc
479 1710 591 1794 Xystus
615 1712 670 1774 ait:
701 1711 769 1774 Non
792 1728 852 1794 ego
875 1716 923 1791 te,
945 1709 1003 1791 fili,
1027 1710 1204 1793 derelinquo
1227 1731 1264 1776 ac

169 1824 295 1904 desero;
318 1822 373 1888 sed
394 1825 507 1888 maiora
527 1827 578 1889 tibi
601 1827 746 1890 debentur
769 1827 938 1890 certamina.
982 1826 1046 1891 Nos
1068 1826 1154 1908 quasi
1171 1843 1263 1894 senos

168 1939 289 2003 levioris
320 1956 440 2022 pugnae
470 1958 590 2003 cursum
619 1940 798 2023 recipimus,
829 1946 860 2003 te
888 1941 972 2023 quasi
1003 1942 1141 2004 iuvenem
1163 1948 1264 2006 manet

168 2051 330 2134 gloriosior
352 2049 390 2113 de
413 2057 538 2135 tyranno
561 2053 732 2136 triumphus.
776 2052 848 2115 Mox
877 2054 999 2134 venies,
1032 2053 1106 2118 flere
1139 2054 1262 2138 desiste,

168 2171 236 2248 post
259 2163 384 2228 triduum
406 2184 454 2229 me
477 2168 624 2249 sequeris.
669 2165 862 2233 Sacerdotem
885 2175 916 2230 et
937 2167 1056 2230 levitam
1078 2167 1263 2236 hicmedius

168 2297 309 2344 numerus
344 2279 438 2344 decet.
483 2281 552 2344 Non
577 2287 640 2345 erat
662 2287 743 2347 taum
766 2281 820 2344 sub
842 2282 985 2365 magistro
1008 2282 1149 2364 vincere,
1176 2286 1264 2366 quasi

169 2394 334 2458 adiutorem
350 2412 520 2477 quaereres.
567 2393 644 2470 Quid
661 2396 842 2460 consortium
857 2397 1006 2478 passionis
1021 2415 1105 2461 meae
1121 2397 1262 2480 expetis?

169 2509 272 2573 Totam
295 2510 346 2572 tibi
371 2508 565 2572 hereditatem
590 2510 654 2571 eius
679 2508 800 2597 dimitto.
846 2509 921 2585 Quid
944 2512 1143 2593 praesentiam
1164 2530 1262 2576 meam

168 2622 323 2704 requiris?
366 2621 476 2685 lntirmi
498 2621 633 2703 discipuli
654 2622 826 2705 magistrum
856 2623 1054 2706 praecedant,
1086 2623 1181 2689 fortes
1204 2643 1260 2690 sa·
1310 2599 1317 2603 “

169 2743 310 2818 quantur,
333 2744 365 2800 ut
387 2738 505 2800 vincant
527 2737 592 2800 sine
615 2737 775 2819 magistro,
803 2739 852 2820 qui
875 2739 933 2801 iam
954 2757 1016 2803 non
1039 2740 1172 2824 indigent
1194 2760 1263 2806 ma-

169 2852 302 2933 gisterio.
348 2850 397 2918 Sic
419 2856 449 2914 et
471 2851 572 2914 Helias
596 2851 766 2915 Helisaeum
794 2852 922 2935 reliquit.
968 2853 1032 2916 Tibi
1056 2873 1131 2938 ergo
1154 2855 1262 2922 maudo

169 2973 290 3028 nostrae
312 2966 427 3030 virtutis
453 2967 687 3031 successionem.

255 3079 327 3144 207.
372 3081 450 3144 Talis
474 3089 537 3146 erat
559 3083 726 3163 contentio,
760 3082 850 3166 digna
872 3102 947 3148 sane
969 3084 1007 3148 de
1030 3103 1089 3168 quo
1112 3093 1265 3155 certarent

168 3195 310 3261 sacerdos
333 3203 364 3258 et
385 3196 534 3278 minister,
558 3199 624 3279 quis
647 3199 731 3280 prior
752 3205 904 3281 pateretur
925 3218 981 3282 pro
1001 3198 1108 3264 Christi
1130 3203 1261 3269 nomime.

110 3303 112 3307 ’
167 3310 200 3373 ln
216 3309 321 3373 fabulis
339 3309 438 3372 ierunt
459 3312 579 3394 tragicis
602 3313 747 3376 excitatos
770 3313 875 3377 theatri
897 3331 1021 3398 magnos
1043 3331 1111 3380 esse
1128 3315 1263 3400 plausus,

170 3443 235 3487 cum
258 3442 292 3487 se
313 3423 438 3508 Pylades
461 3426 597 3490 Orestem
620 3424 751 3508 diceret,
784 3427 928 3510 Orestes,
957 3436 991 3492 ut
1013 3435 1093 3511 erat,
1123 3430 1262 3498 Orestem

169 3555 204 3605 so
226 3556 294 3601 esse
317 3538 523 3603 adseveraret:
557 3541 625 3622 illc,
656 3547 688 3604 ut
709 3560 764 3624 pro
790 3541 897 3606 Oreste
919 3551 1095 3626 necaretur,
1124 3542 1262 3630 Orestes,

168 3672 207 3717 ne
237 3653 374 3738 Pyladem
405 3673 461 3737 pro
492 3673 526 3719 se
557 3663 710 3740 pateretur
737 3658 848 3720 necari.
893 3657 952 3725 Scd
979 3659 1035 3724 illis
1063 3678 1125 3725 noa
1151 3646 1263 3726 licebat

169 3770 288 3851 vivere,
312 3769 392 3852 quud
413 3778 540 3854 uterque
565 3779 645 3836 esset
665 3772 816 3856 parricidii
837 3790 925 3837 reus:
947 3775 1037 3855 alter,
1059 3774 1109 3858 qni
1127 3757 1262 3860 lecisset,

170 3885 260 3964 alter,
292 3867 342 3967 qui
365 3885 535 3950 adiuvisset.
579 3885 633 3951 llic
654 3887 844 3952 Laurentium
867 3894 999 3957 sanetum
1022 3889 1059 3953 ad
1081 3889 1140 3956 hoc
1160 3891 1261 3959 nullus

240 4124 268 4195 1)
287 4125 348 4183 Gau.
366 4128 410 4199 22,
427 4130 452 4184 9.
522 4131 553 4202 2)
570 4131 626 4186 Act.
648 4133 674 4200 7,
697 4133 739 4188 5⁷.
