2692 4666
204 299 269 361 254
326 337 328 340 ,
620 290 872 348 ΑυΝοτΑτιοΝΕε

204 453 274 505 ribus
293 449 387 502 illatum
405 450 521 500 omittunt
538 449 615 500 codd.
630 448 671 503 BG
688 460 714 503 et
731 453 884 521 exemplaria
896 454 959 506 bied.
981 457 1084 509 Amerb.
1103 468 1180 529 etque
1194 460 1291 515 Errsm.

204 539 303 592 Idcirco
321 535 517 589 additamentum
531 537 601 588 istud
620 541 798 605 exterminavi,
824 543 970 612 codemque
981 545 1066 598 modo
1083 547 1150 600 inira
1166 558 1227 616 post
1243 568 1291 605 re-

204 629 301 681 ωήω
323 623 392 674 idern
417 637 558 690 pronomen
585 626 657 676 omisi
683 627 863 693 praceuntibus
888 628 960 682 tibris
984 633 1085 700 scriptis
1111 636 1293 706 veteribusque

205 714 296 777 editis,
319 726 436 763 necnon
454 709 550 762 Ernsm.
569 721 646 781 atque
664 712 732 765 Cost.
771 713 835 767 Dein
853 732 907 784 ¹pro
931 722 1007 773 nobie
1026 726 1129 788 copnitn
1147 723 1193 790 (its
1213 722 1291 776 binur.

205 809 232 852 ct
246 798 325 866 (1115..)
344 813 359 850 o
377 797 453 849 codd.
472 806 498 850 et
514 798 556 849 ed.
569 798 636 850 bied.
656 802 753 852 restitui
770 805 848 858 nobie
865 812 924 858 cote
942 809 1060 874 cepnim3
1078 809 1182 861 inverso
1202 812 1293 863 ordine

205 889 363 943 antestetis
386 888 491 956 cognita
514 885 608 938 babent
624 884 728 939 Amorb.
748 887 844 940 Eresm.
866 889 935 942 Cost.
970 891 1058 944 stetim
1081 910 1130 962 pro
1152 901 1294 968 adtropare

205 975 326 1029 arbitrati
349 989 446 1028 remur
469 988 492 1024 c
511 972 588 1023 codd.
607 970 650 1025 BG
672 975 835 1044 editioneque
852 974 919 1029 bied.
938 980 1028 1047 scripsi
1051 985 1173 1039 arbitrati
1197 1003 1293 1040 cremer

205 1068 353 1133 cdimrpere.

276 1152 300 1216 ς.
320 1150 361 1200 52.
400 1150 423 1200 1.
443 1151 551 1204 Sirinni
567 1147 588 1198 F
606 1156 631 1199 et
648 1164 687 1215 pr.
706 1145 743 1213 Β,
761 1149 874 1219 itemque
893 1153 995 1206 Amerb.
1016 1153 1111 1210 Ernsm.
1131 1155 1220 1225 Gom,
1244 1164 1294 1213 m·-

206 1243 290 1295 eimtii
307 1237 394 1304 vulgo.
430 1239 534 1303 Etiam,
561 1238 630 1287 cuius
654 1235 713 1288 loco
737 1238 763 1288 in
784 1235 804 1288 Β
828 1247 868 1291 est
891 1243 974 1306 enim,
1001 1258 1051 1294 orn.
1071 1241 1099 1294 C.
1137 1245 1161 1297 3.
1182 1264 1294 1300 coronas

208 1328 271 1380 BEF
289 1343 312 1379 c.
332 1326 373 1377 ed.
393 1323 458 1374 Med.
504 1324 528 1373 1.
552 1326 752 1392 conceperimus
769 1321 806 1390 B,
833 1342 1038 1397 rureeperamer
1057 1327 1093 1396 C,
1120 1331 1295 1400 resceperunt

207 1415 308 1468 nmerb.
328 1422 354 1465 et
372 1410 469 1462 Ernsm.
514 1411 538 1462 5.
562 1409 612 1462 Pro
637 1415 808 1482 coprovimer
832 1413 908 1464 codd.
928 1423 953 1466 et
971 1417 1100 1486 exemplar
1114 1417 1184 1470 ided.
1203 1418 1296 1469 habent

207 1505 357 1557 didicimus.
394 1497 429 1549 its
449 1497 542 1549 Noster
560 1500 584 1561 §.
599 1497 641 1550 5⁰.
660 1497 740 1566 pet,
753 1500 830 1551 1-5.
867 1501 917 1553 Sed
936 1504 1004 1555 coni.
1023 1506 1048 1570 ς.
1062 1505 1102 1559 30.
1122 1523 1146 1574 p.
1163 1508 1204 1570 16,
1218 1508 1293 1559 5-6.

207 1594 231 1657 5,
246 1591 288 1640 50.
308 1605 333 1657 p.
346 1587 389 1652 26,
404 1585 444 1637 12.
465 1587 488 1651 §.
502 1585 544 1649 51,
558 1585 635 1636 ibet
655 1586 763 1637 12-13.
783 1589 808 1653 ς.
823 1587 866 1653 52,
880 1589 904 1640 5.
940 1591 965 1642 6.
987 1595 1028 1646 riie
1045 1594 1174 1646 intercidit
1191 1597 1217 1647 in
1236 1597 1294 1647 edd.

97 1677 99 1681 ’
208 1677 310 1731 Amerb.
328 1683 355 1726 et
372 1671 469 1752 Eresm.
488 1703 490 1710 π
506 1670 586 1722 iidem
609 1671 668 1724 libri
693 1689 752 1725 mox
776 1673 870 1726 habent
897 1680 990 1732 lectulo
1014 1696 1063 1747 pro
1088 1685 1183 1737 locuto.
1221 1682 1293 1735 Coni.

207 1783 233 1835 p.
246 1766 290 1831 27,
311 1763 351 1815 10.
389 1763 413 1812 7.
429 1777 476 1828 co,
496 1762 564 1829 qnod
582 1769 652 1812 recte
671 1761 744 1814 codd.
764 1765 843 1814 nostri
863 1765 1043 1836 editionesque
1061 1768 1128 1820 bled.
1147 1769 1251 1821 Amerb.
1271 1779 1296 1821 et

208 1853 317 1918 Brenn,
335 1868 365 1905 eo
382 1850 408 1900 in
427 1845 496 1900 Cost.
515 1847 585 1900 Maur
613 1856 639 1900 et
650 1848 715 1902 Gilb.
735 1851 815 1904 deest.
845 1851 894 1905 Pro
913 1858 1001 1909 noctis
1019 1855 1039 1908 G
1056 1872 1192 1926 perperam
1212 1858 1296 1909 scribit

207 1946 291 1996 rtobt'e.

312 2097 338 2149 Ρ.
358 2096 400 2148 27.

280 2206 303 2256 1.
323 2223 416 2258 tenvem
435 2205 460 2255 in
479 2201 498 2254 Β
517 2220 537 2255 r.
556 2220 589 2254 m.
611 2205 716 2255 mutavit
733 2205 758 2255 in
777 2209 877 2273 navim,
897 2207 966 2274 quod
985 2209 1112 2277 reperitur
1131 2211 1206 2262 etiem
1225 2213 1249 2263 in
1269 2210 1296 2264 C.

112 2300 114 2303 '
208 2294 270 2346 Tum
288 2295 536 2363 adpropinquantem
554 2293 675 2361 (approp.
693 2290 787 2360 legitur
804 2291 885 2361 vulg.)
905 2303 1034 2363 receptum
1052 2294 1120 2348 etc
1132 2297 1296 2368 editioncquc

206 2381 289 2445 iisd,
317 2383 527 2450 appropinquare
550 2378 670 2432 exhibent
695 2378 797 2432 Amerb.
817 2379 914 2432 Erasm.
932 2381 1001 2432 Cost.
1035 2379 1105 2435 Dein
1130 2388 1205 2440 litori
1228 2397 1296 2438 recte

202 2467 260 2534 ΒΟ,
279 2472 362 2523 littori
378 2468 457 2536 vulg„
475 2470 552 2521 litore
567 2465 599 2531 E,
618 2467 705 2521 littore
721 2466 749 2520 F.
778 2466 866 2520 Statim
883 2472 912 2521 irs
931 2464 980 2538 qno
998 2468 1027 2520 F.
1062 2469 1087 2519 2.
1108 2473 1230 2525 virorum
1248 2488 1296 2524 orn.

209 2557 237 2610 C.
272 2558 501 2627 &deprecaretur
521 2553 812 2623 snmprianEFpro
830 2555 899 2625 vulg.
917 2567 1086 2626 precor-etna
1112 2563 1297 2628 deprecaretur

208 2650 239 2701 de
256 2648 333 2701 turbo
349 2643 382 2696 ri.
401 2642 457 2695 ord.
476 2642 553 2694 babet
568 2639 597 2692 F.
634 2640 762 2694 Librarius
782 2642 876 2695 codicis
896 2642 916 2695 G
933 2642 1054 2696 aberrans
1072 2645 1104 2697 nd
1122 2646 1230 2698 alterurn
1249 2651 1295 2700 ‹te-

206 2740 363 2804 precaretur
386 2729 465 2782 verbs
488 2727 636 2780 intermedie
662 2729 752 2780 omisit.
788 2729 850 2781 Tum
870 2734 971 2785 seirent
988 2730 1016 2784 F.
1052 2733 1199 2788 Ante‘cirr'
1223 2734 1295 2785 deie-

208 2822 287 2871 vimus
306 2823 336 2887 ii,
356 2825 446 2886 utpote
465 2818 583 2868 omissum
602 2819 626 2868 in
639 2815 703 2869 BEF
721 2826 747 2869 ct
765 2818 900 2886 exemplari
913 2817 979 2870 Med.
1010 2818 1058 2870 Pro
1074 2823 1190 2874 audierit
1205 2829 1295 2889 sponte

208 2908 351 2973 scripsimus
370 2908 478 2960 aedicit.
515 2904 602 2956 Stntim
620 2912 680 2971 post
696 2907 866 2959 Ambrosium
882 2921 902 2957 r.
921 2923 954 2957 rn.
973 2907 997 2957 in
1017 2903 1036 2955 Β
1055 2922 1129 2973 snpra
1148 2908 1247 2959 addidit
1263 2908 1294 2975 gt.

117 3042 120 3053 .
207 3013 274 3051 erre.
318 2997 343 3047 5.
364 2997 466 3048 audiret
484 2990 526 3043 EF
545 3000 570 3043 et
588 3007 626 3059 pr.
645 2990 680 3055 Β,
707 2995 836 3060 audierit,
863 3001 1000 3062 utsupra,
1027 2993 1085 3045 edd.
1106 2992 1174 3045 Med.
1194 2993 1294 3045 Amerb.

207 3081 319 3144 Errsm.;
337 3084 368 3134 ab
387 3097 416 3134 ro
434 3083 471 3132 ait
490 3076 517 3130 0.
550 3078 610 3130 Post
627 3081 802 3132 Mediolanum
819 3077 1017 3146 (mediolanium
1035 3095 1073 3146 pr.
1089 3078 1122 3144 Β)
1143 3079 1212 3148 qnod
1231 3080 1294 3131 mele

208 3179 248 3222 cst
268 3169 363 3221 illatum
387 3185 412 3220 v.
432 3170 470 3221 ait
492 3165 585 3218 lincoln
606 3167 670 3217 inire
692 3166 766 3217 ducta
792 3165 904 3218 deletum
932 3175 971 3218 cst
996 3169 1020 3217 in
1040 3162 1068 3216 Ο.
1115 3167 1141 3217 7.
1161 3170 1295 3221 asserebat

209 3257 284 3309 codd.
305 3265 331 3308 ct
349 3255 390 3308 cd.
410 3253 495 3320 Cast,
522 3257 669 3327 discerem
687 3253 791 3306 Amcrb.
810 3271 832 3306 c.
851 3253 948 3307 Ernsm.
985 3254 1042 3306 Mox
1064 3252 1181 3308 litoreb
1207 3263 1233 3307 et
1256 3253 1294 3305 ed.

209 3343 295 3409 cose,
312 3346 400 3398 littore
418 3342 477 3396 reli.
496 3342 552 3395 iibri
571 3350 597 3394 ct
613 3357 688 3393 menn
706 3342 793 3409 scripti
811 3349 838 3393 ct
854 3343 920 3410 typis
939 3343 1060 3408 expressi.
1098 3341 1124 3394 8.
1144 3343 1293 3394 Dnirnntero

207 3432 309 3484 Amcrb
322 3431 418 3483 Erasm.
431 3430 500 3483 Gost
532 3430 590 3482 ttox
606 3432 715 3484 veniere
734 3441 792 3485 cete
809 3431 910 3482 inverso
927 3429 1016 3481 ordine
1032 3444 1054 3480 c.
1069 3430 1110 3481 ed.
1123 3427 1189 3479 bicd.
1202 3429 1294 3495 optimc

208 3521 284 3572 codd.
302 3523 389 3571 nostri
435 3521 460 3570 8.
486 3522 621 3574 orreretur
644 3518 720 3569 codd.
745 3526 772 3569 et
795 3518 854 3570 odd.
881 3524 986 3584 excepto
1005 3515 1086 3580 11011,
1114 3517 1141 3567 in
1159 3515 1252 3584 qnnb.
1271 3530 1292 3564 v.

208 3608 288 3660 deest
324 3606 391 3659 inira
410 3612 542 3678 coepisset
559 3605 622 3659 GEF
641 3615 667 3658 et
684 3607 726 3659 ed.
746 3606 812 3659 bied.

279 3695 303 3759 ς
323 3693 384 3744 53.
403 3696 427 3746 1.
446 3712 510 3762 perc
527 3712 609 3765 prm
625 3691 767 3759 simne,
793 3697 882 3748 videre
901 3695 962 3745 item
979 3690 1084 3744 Amerb.
1130 3691 1155 3740 2.
1173 3645 1293 3761 promis-

208 3785 295 3837 riom's
318 3791 426 3837 rortrne
451 3780 595 3853 (promisci
619 3785 708 3835 nostri
732 3781 816 3850 vulg.)
842 3781 917 3834 codd.
943 3795 1046 3844 omncs,
1075 3780 1135 3830 item
1163 3779 1205 3830 ed
1230 3777 1292 3828 bied.

209 3869 233 3920 3.
252 3873 375 3936 locutor,
403 3877 432 3920 nt
454 3867 552 3931 soient,
582 3876 607 3920 et
625 3868 701 3920 codd.
720 3876 746 3919 et
763 3868 823 3919 edd.
842 3867 954 3935 exceptis
973 3866 1050 3918 binur.
1069 3874 1145 3935 atque
1164 3862 1278 3930 nnn,
1272 3879 1294 3914 rn

209 3956 300 4024 quibus
319 3963 357 4007 est
375 3959 507 4025 loquutur.
540 3954 605 4008 Dein
624 3959 777 4026 completum
794 3955 897 4008 Amcrb.
916 3953 1012 4006 Ernsm.
1032 3951 1101 4005 Gost
1138 3952 1228 4004 Statim
1245 3955 1292 4005 do-

209 4041 362 4110 ceamus-213.
401 4041 463 4095 Post
485 4047 596 4113 fratrem
618 4052 699 4098 ritem
723 4041 744 4094 Β
768 4059 818 4095 orn.
837 4044 927 4110 portic.
947 4052 978 4096 et.
1023 4042 1048 4092 6.
1067 4043 1215 4094 mediceris
1232 4035 1293 4089 BEF

208 4138 359 4197 veteresque
376 4130 509 4202 inditiones
535 4145 558 4180 c.
583 4128 680 4182 Erasm.
702 4127 881 4198 mercedest,
909 4124 1095 4200 rarissimi),
1123 4124 1293 4182 eradicemini
