2692 4666
463 326 508 380 nt)
529 325 553 382 S.
574 325 774 383 nntnostttn.
1102 334 1165 400 389

68 491 166 544 Eresos.
185 490 274 543 Pistor.
294 487 466 542 concordante
486 489 586 558 antique
605 490 726 540 versione
745 488 847 555 Latina,
873 496 903 545 od
928 497 1016 547 eodem
1039 510 1166 562 reposee-

69 589 146 634 retur
171 579 259 630 scribit
279 577 328 643 Ba,
356 581 386 632 ab
406 595 435 631 eo
459 586 645 647 reponeretur
668 578 729 630 dant
747 577 807 631 Bbc.
833 596 854 631 c.
883 581 976 631 ceteris
1002 580 1072 633 libris
1097 582 1165 649 vulg.

69 667 146 717 7-8.
166 685 297 721 cunonem
314 671 411 720 borres
431 667 532 717 inverso
552 665 640 716 ordine
659 664 736 719 Babc.

138 777 162 840 §.
182 776 226 839 rt,
241 775 263 825 1.
283 776 407 828 Solamen
426 771 525 840 dlbcdg.
562 771 621 824 nox
638 778 770 842 firramentu
789 773 831 825 Ba.
869 774 894 825 2.
914 778 1039 846 relinquit
1056 774 1103 828 Bb.
1140 776 1163 828 3.

68 868 102 919 ud
119 866 261 919 ouantium
278 865 477 916 unolumeutum
495 869 519 914 et
537 863 571 916 ed
588 878 779 916 successorum
796 865 858 916 iuro
877 862 920 915 Bu.

172 970 199 1021 Ρ.
220 969 279 1020 191.

137 1058 161 1110 3.
186 1061 245 1113 eius
264 1059 294 1110 in
313 1060 396 1127 eapite
413 1056 452 1109 W.
472 1057 582 1126 llabeig.
603 1056 721 1120 smera..
749 1059 777 1111 in
802 1060 886 1128 cupite
909 1062 968 1115 eius
988 1058 1042 1130 bled
1068 1068 1094 1111 et
1112 1058 1164 1111 Bac

67 1149 245 1215 editionesque
264 1145 330 1197 bled.
350 1144 446 1197 Eresm.
468 1143 537 1196 (lost.
559 1143 646 1196 Pistor.
667 1144 740 1196 Rom.
777 1144 804 1196 ln
825 1145 921 1198 Graeco
947 1156 985 1198 est
1012 1146 1043 1203 εἰς
1061 1142 1163 1223 κεφαλήν

66 1240 111 1286 τοῦ
129 1230 309 1299 μεταδιδόντος.
345 1233 422 1283 Voce.
449 1235 580 1301 incapite
607 1240 780 1298 expunxerunt
800 1232 912 1284 blaurini.
950 1237 986 1288 Ei
1009 1237 1054 1303 qm·
1071 1237 1162 1304 parsi.

67 1328 157 1393 er'prrst
181 1321 274 1390 legitur
291 1322 315 1371 in
336 1319 372 1372 Bb
399 1328 425 1371 et
442 1323 466 1370 in
486 1321 526 1370 ed.
547 1318 601 1371 Col.
647 1321 672 1371 4.
693 1328 779 1375 eutem
804 1337 851 1388 pro
874 1313 937 1392 erpo
953 1321 1065 1373 scribunt
1084 1319 1117 1371 W
1135 1328 1161 1373 ot

67 1411 192 1465 llsbcdel.
228 1409 350 1463 Neutrum
370 1408 446 1460 babet
464 1406 514 1476 ttg.
545 1407 576 1486 ¹5.
594 1410 678 1478 ipitur
695 1423 745 1460 om.
766 1408 875 1477 ldbcdig.

546 1581 608 1652 Cap.
631 1582 683 1634 Vll.

137 1716 161 1779 §.
182 1711 225 1775 45,
247 1710 268 1762 l.
289 1712 335 1779 qui
351 1711 507 1778 perepriuos
525 1712 590 1762 urle
605 1710 755 1779 prohibent]
775 1709 813 1762 Ob
835 1710 922 1763 oculos
943 1711 1031 1763 babuit
1050 1715 1161 1767 Cicero-

64 1821 124 1857 nem
143 1800 174 1851 de
193 1798 260 1871 ollic.
279 1794 321 1848 lll.
343 1796 384 1848 tt.
403 1799 426 1862 §.
446 1798 488 1847 47.
525 1797 548 1848 2.
568 1801 636 1867 quod
654 1802 773 1853 deberent
791 1800 831 1864 W,
851 1818 899 1870 quo
919 1800 1162 1855 deberentllonace.

66 1901 92 1942 et
110 1889 179 1954 Bab,
203 1889 263 1939 item
288 1885 346 1938 edd.
365 1885 431 1936 bled.
451 1893 605 1954 ceteraeque
624 1895 682 1938 ante
700 1887 853 1953 dlsurinam,
879 1907 927 1958 quo
946 1893 1034 1942 dederet
1053 1887 1088 1940 Bc
1112 1904 1160 1940 une

66 1995 121 2031 curn
148 1976 205 2029 edd.
231 1973 284 2027 Col.
305 1973 383 2026 Maur.
409 1980 484 2041 atque
503 1972 568 2024 Gilb.
605 1972 665 2024 Turn
689 1978 781 2030 iuvari
798 1975 841 2027 Bc.
888 1975 912 2026 3.
940 1992 1089 2029 oomruuues
1105 1979 1160 2043 puss

64 2077 153 2123 rentes
176 2064 216 2117 W.
242 2061 279 2113 Bb
305 2069 332 2113 et
354 2077 369 2112 a
395 2077 427 2112 rn.
452 2077 489 2129 pr.
511 2060 564 2124 lla,
592 2062 652 2137 itcnr
678 2061 719 2113 ed.
743 2061 808 2114 bled.
846 2063 944 2114 Desunt
968 2062 1045 2114 verba
1071 2079 1160 2132 seqq:

63 2161 144 2225 fusos
162 2154 283 2206 omuibus
300 2158 395 2221 partus
413 2165 525 2218 uapore,
552 2150 577 2200 in
597 2148 714 2218 blbcdlg,
741 2153 862 2205 omuibus
887 2151 981 2202 excidit
999 2152 1024 2202 in
1044 2150 1085 2201 ed.
1105 2149 1159 2202 Col.

65 2241 131 2295 dlale
147 2242 268 2312 portibus
287 2239 313 2288 iu
330 2243 409 2302 textu,
429 2236 487 2303 „vel
504 2228 616 2307 portus“
637 2253 696 2287 arn.
713 2254 732 2288 r.
748 2239 772 2288 in
786 2253 835 2304 mg.
848 2236 925 2289 babet
938 2237 985 2289 llo.
1021 2239 1045 2288 4.
1065 2255 1160 2292 uecors

65 2329 97 2380 W
123 2336 148 2380 et
167 2326 212 2378 Bt.
250 2326 307 2378 llox
332 2342 510 2380 ooeuuncore
535 2339 583 2375 ern.
604 2322 640 2375 Bc
665 2332 689 2375 et
714 2325 755 2375 ed.
779 2322 848 2390 Col,
874 2343 986 2380 euocare
1009 2325 1096 2377 scribit
1114 2324 1163 2379 Ba.

64 2420 88 2470 5.
107 2419 189 2488 fuerit
201 2414 234 2466 W
253 2422 278 2467 et
295 2431 334 2482 pr.
349 2412 395 2463 tta.
433 2411 458 2463 3.
472 2411 503 2463 ab
517 2413 557 2463 im.
577 2421 662 2466 terroe
680 2415 834 2468 miuistruut
846 2412 889 2464 tn.
920 2413 981 2465 'lum
1000 2417 1048 2467 iliu
1062 2443 1091 2452 -
1106 2419 1157 2470 od-

64 2511 139 2561 iueut
157 2502 207 2566 Bc;
236 2503 340 2573 pencris
365 2500 426 2551 defit
443 2501 467 2550 ln
487 2499 560 2564 lllcd,
580 2505 670 2572 peueri
694 2520 744 2556 suo
769 2518 808 2569 pr.
834 2501 969 2553 exhibebat
986 2501 1035 2554 lla.
1072 2501 1159 2555 Altera

62 2603 147 2646 tanen
170 2605 257 2642 monus
283 2588 394 2640 correxit
415 2594 521 2657 pencris
545 2592 597 2642 sui.
634 2588 661 2640 lo
680 2606 751 2659 seqq.
771 2591 986 2658 praepositionem
1010 2599 1067 2642 ante
1086 2608 1116 2645 se
1133 2593 1158 2643 in

63 2683 95 2731 W
113 2681 229 2732 omissam
248 2676 287 2728 lla
310 2679 376 2730 inter
402 2694 491 2729 versus
516 2677 547 2728 ab
568 2677 599 2730 sl.
620 2695 651 2731 nr.
677 2679 760 2731 babet.
798 2678 915 2730 Proxime
940 2682 1065 2749 quidquid
1087 2688 1158 2732 recte

63 2771 111 2836 W,
129 2777 155 2820 ut
174 2767 231 2820 edd.
252 2764 318 2817 bled.
338 2765 411 2816 Rom.
432 2764 511 2816 Maur.
532 2774 558 2816 et
578 2765 660 2833 Gilb.,
686 2769 804 2837 quitquid
820 2765 876 2834 llg,
900 2768 978 2817 ceteri
997 2774 1081 2818 autern
1100 2767 1157 2818 libri

63 2866 89 2910 et
108 2859 194 2925 scripti
218 2864 243 2908 et
262 2854 321 2907 editi
346 2856 483 2924 quiequid,
511 2854 579 2923 quod
605 2855 769 2922 improbatur.
806 2850 862 2905 Vid.
883 2856 981 2908 Osann.
1002 2853 1033 2904 ad
1053 2851 1104 2906 Cic.
1125 2853 1157 2904 de

62 2945 176 3014 republ.
196 2961 220 3012 p.
240 2943 282 2994 99.
320 2943 385 2994 Dein
404 2946 546 2996 bumuuum
564 2941 601 2993 Bb
622 2951 647 2993 et
666 2959 702 3011 pr.
723 2941 766 2994 Bc.

134 3052 225 3118 §.46,
245 3049 268 3102 1.
293 3053 347 3103 ium
371 3064 419 3100 om.
446 3047 546 3118 llbcdg.
584 3048 645 3100 'lum
672 3058 796 3120 prouertu
821 3050 974 3120 (munecius
1000 3049 1047 3114 llll)
1068 3033 1157 3107 betete

59 3144 241 3216 processisset
258 3137 377 3190 exhibent
396 3137 454 3188 libri
467 3137 590 3202 llonacc,
608 3142 637 3191 iu
653 3148 778 3208 prouectu
795 3141 953 3193 recessisset
972 3147 1053 3192 aetate
1071 3138 1157 3191 scribit

61 3232 110 3283 Bb.
155 3229 179 3282 2.
205 3225 414 3279 Coniunctionenr
438 3236 476 3293 et,
503 3242 577 3294 quarn
602 3242 652 3278 orn.
670 3225 717 3291 W,
742 3228 768 3277 in
788 3226 826 3276 lla
850 3242 870 3278 r.
894 3243 925 3276 nr.
949 3242 1025 3293 supra
1050 3225 1155 3278 addidit.

61 3321 86 3372 3.
112 3320 197 3372 soient
215 3314 255 3366 W.
276 3313 311 3365 Ba
337 3322 362 3365 et
386 3329 423 3381 pr.
445 3313 490 3364 lla.
537 3314 560 3366 5.
585 3319 725 3368 boueretos
751 3315 797 3380 (ita
823 3322 848 3366 et
876 3312 1004 3381 exemplar
1028 3312 1107 3376 bled.)
1133 3323 1157 3367 et

60 3406 207 3474 loestpletes
224 3406 302 3458 uiros
315 3401 363 3471 lig.
400 3401 423 3453 6.
444 3405 591 3456 consisteret
603 3401 647 3453 Ra.
681 3401 745 3453 Dein
765 3421 841 3471 quom
858 3404 962 3455 iremune
980 3408 1050 3456 esset
1067 3403 1157 3469 recepi

62 3510 94 3544 ex
114 3490 170 3543 cod.
186 3490 226 3555 W,
245 3505 293 3541 nec
312 3489 386 3542 aliter
404 3506 441 3558 pr.
462 3488 595 3557 legebatur
608 3491 632 3540 iu
646 3489 700 3553 lle3
721 3507 797 3559 quam
812 3493 924 3544 immune
936 3501 1006 3544 esset
1025 3489 1084 3542 dant
1096 3490 1154 3542 ced.

60 3579 98 3631 Ba
119 3587 144 3630 et
162 3577 219 3629 edd.
239 3575 336 3628 Erosrn.
357 3576 426 3628 Cest.
446 3584 520 3644 atque
540 3575 628 3640 lions,
656 3595 733 3646 quoru
751 3579 855 3630 inmane
878 3575 1002 3643 (immune
1019 3575 1109 3628 Pistor.
1131 3583 1156 3626 et

61 3668 180 3734 dlourini)
199 3684 260 3721 esso
278 3666 314 3717 Bc
333 3665 510 3733 editionesque
530 3661 585 3714 Col.
607 3672 632 3716 et
650 3663 739 3716 Pistor.
760 3680 782 3718 c.
798 3662 887 3729 Maur,
906 3674 957 3717 tom
974 3667 1078 3717 inmuue
1095 3679 1155 3717 esse

61 3754 119 3807 libri
139 3752 272 3822 dbcdetg,
301 3763 353 3807 tom
376 3757 489 3806 immone
513 3769 574 3806 ecee
596 3752 653 3803 edd.
674 3752 740 3804 bled.
760 3759 785 3803 et
803 3750 881 3816 etin,
908 3760 961 3821 teus
984 3754 1154 3804 inhumanum

61 3860 124 3899 esse
142 3840 178 3894 Bb
199 3859 221 3894 c.
241 3841 342 3893 Amerb.
378 3841 426 3892 Pro
445 3840 511 3910 vulg.
532 3843 595 3894 eiiei
613 3857 644 3892 ex
664 3840 738 3892 codd.
759 3839 816 3891 dedi
835 3842 893 3903 eici,
913 3822 997 3892 eicere
1014 3836 1090 3888 babet
1104 3836 1153 3905 llg.

62 3930 146 3983 Verba
165 3946 250 3998 seqq:
271 3948 347 4000 quum
365 3931 493 3983 laurissam
511 3958 544 3967 -
563 3931 686 3982 moriemi
704 3928 794 3979 desunt
808 3929 835 3998 in
848 3926 888 3977 W.
920 3925 1037 3978 Ceterum
1051 3925 1153 3976 mirifice

62 4020 184 4072 fluctuant
208 4018 232 4071 b.
258 4017 275 4069 l.
299 4017 461 4083 manuscripti
488 4024 513 4068 et
538 4016 608 4068 editi.
644 4016 745 4085 Legitur
772 4016 838 4067 euim
863 4032 939 4084 quum
965 4016 1094 4067 tremissem
1119 4030 1154 4066 ecc

63 4112 166 4163 domiuo
183 4124 282 4162 exuere
305 4108 330 4158 in
349 4104 468 4157 llsbcdel
483 4111 507 4155 et
528 4102 579 4169 Ba,
605 4123 682 4174 quam
707 4106 836 4157 bominem
854 4121 889 4156 eu
907 4105 1009 4158 domiue
1027 4104 1093 4154 esui
1110 4117 1151 4167 ap.

63 4195 175 4264 amerb,
196 4214 272 4269 quum
290 4197 419 4253 turnines
436 4196 467 4248 at
485 4194 588 4250 domiue
606 4195 671 4248 exui
688 4193 713 4245 in
733 4191 789 4245 cod.
803 4189 839 4245 Bb
859 4193 970 4262 itemquo
983 4191 1008 4244 iu
1022 4188 1080 4242 edd.
1095 4187 1150 4242 Col.
