2692 4666
521 354 567 409 AD
585 353 612 409 S.
630 352 830 410 tuunostttrt.
965 308 967 312 Α
1153 355 1224 428 347.

127 523 231 567 tuerunt
248 513 363 580 Macrini,
382 531 397 566 e
416 514 491 567 codd.
509 516 605 571 uostris
621 515 669 568 seii
686 523 791 568 servum
806 515 838 568 W
857 525 883 569 et
901 515 944 570 Bc.
982 518 1048 572 Dein
1065 529 1150 574 auten
1168 534 1223 574 οιιιῑ

127 604 178 672 Mg.
216 603 240 655 3.
259 603 320 654 Post
338 606 470 657 occultius
487 603 512 656 in
530 602 562 654 W
580 603 674 671 legitur
691 623 768 674 quam
788 633 817 644 —
838 607 995 670 testimonio,
1015 613 1042 657 et
1059 607 1094 658 ite
1111 622 1149 674 pr.
1163 605 1219 669 ⁴liu-

126 689 205 742 behat
223 692 298 743 etiam
315 690 370 756 hle3
397 693 524 744 recentior
546 699 630 745 eutem
655 709 742 746 manus
768 694 793 745 in
818 693 866 746 hoc
890 693 955 745 libro
980 710 1005 745 v.
1024 697 1170 767 testimonio
1194 696 1218 748 in

126 781 305 834 testimonium
322 780 436 844 mutarit,
456 778 596 848 eademque
615 780 694 832 lectio
711 785 836 849 reperitur
855 783 879 833 iu
898 783 990 833 ceteris
1006 781 1119 833 Menace.
1156 781 1218 834 Tum

126 869 276 921 intellectus
293 871 422 939 sapientis
440 869 542 919 inverso
561 868 652 921 ordine
671 870 785 922 scribunt
803 869 930 939 hlbcdelg.
975 871 998 922 5.
1016 887 1107 924 uocem
1123 873 1219 924 meruit

125 971 261 1022 perperim
280 954 319 1008 W.
338 955 375 1006 Bc
400 965 426 1007 et
450 974 468 1014 u
489 974 521 1009 m.
540 973 578 1025 pr.
599 956 647 1009 Mu.
684 957 733 1011 Pro
759 961 819 1029 quia
843 957 891 1026 (itu
915 958 974 1009 edd.
996 957 1064 1008 nter.
1088 956 1166 1008 Maur.
1192 962 1219 1006 et

126 1042 306 1112 Gilb.).·oodd.
327 1043 367 1096 W.
386 1042 423 1096 Bc
447 1053 473 1096 et
492 1044 604 1098 Menace.
623 1062 673 1098 unu
700 1063 756 1099 cum
781 1046 839 1098 edd.
859 1045 961 1098 Amerb.
982 1043 1218 1114 ceterisquehlnu-

126 1133 205 1183 rinem
224 1131 431 1184 antecedentibus
451 1131 510 1184 dant
529 1152 590 1202 qua,
608 1133 676 1202 qued
695 1136 720 1185 in
736 1134 771 1186 nti
787 1142 885 1186 enatum
903 1141 968 1184 este
981 1151 1068 1204 quam,
1087 1140 1113 1182 ut
1126 1131 1222 1198 iegitur

125 1222 151 1271 in
172 1218 224 1270 Bnb
243 1228 269 1270 et
286 1219 326 1271 ed.
346 1219 400 1272 Col.
447 1221 471 1273 6.
496 1225 543 1291 qui
565 1223 646 1290 primo
671 1222 774 1290 quidem
792 1221 847 1286 hle,
875 1238 906 1273 ex
929 1228 1015 1273 mutet.
1035 1229 1118 1272 nutem
1142 1234 1217 1287 quat,

126 1307 192 1375 quod
211 1306 338 1359 invenitur
357 1308 433 1358 etium
452 1309 477 1358 in
498 1310 591 1376 ceteris
604 1307 718 1360 llonuce.
750 1307 816 1360 Dein
829 1311 940 1378 elsperat
956 1307 1031 1359 codd.
1048 1307 1088 1358 W.
1103 1305 1217 1358 Menoec.

125 1393 163 1466 Bh
189 1394 370 1462 editionesque-
386 1392 488 1446 Amerb.
507 1394 604 1448 Eresm.
625 1393 694 1448 Cost.
714 1395 807 1448 Pistor.
826 1395 918 1461 Rom,
946 1398 1051 1466 elsperit
1072 1393 1107 1447 Be
1132 1410 1159 1445 c..
1175 1393 1216 1445 ed.

124 1482 208 1548 Mem,
227 1473 332 1552 aliqu-et
348 1479 393 1533 Bc.
414 1481 492 1534 Maur.
512 1483 592 1548 nith..
610 1487 705 1556 eliqere
723 1481 778 1536 Col.

193 1571 221 1648 ¹§.
240 1569 285 1632 47,
305 1570 330 1621 4.
354 1579 496 1640 uepauerat
513 1569 590 1623 Buhc.
636 1572 661 1623 6.
682 1558 836 1641 promuruiat
852 1570 910 1624 libd
930 1579 956 1623 et
974 1570 1014 1622 ed.
1034 1569 1123 1634 lium,
1148 1585 1216 1637 pro-

123 1661 234 1711 mmciat
247 1656 312 1724 Meg,
326 1655 474 1724 quibuscum
487 1656 583 1729 fuciunt
595 1657 654 1710 edd.
665 1657 718 1712 Col.
733 1666 888 1728 ceteraeque
901 1667 959 1711 ente
970 1658 1048 1710 Maur.
1079 1657 1103 1707 7.
1117 1657 1221 1711 israhel

123 1799 164 1850 W.
183 1796 229 1850 Bb.
249 1795 292 1864 ttt,
311 1799 423 1865 itemque
441 1797 570 1869 exemplar
588 1796 642 1851 Col.
678 1797 745 1853 Dein
762 1749 985 1867 affllffllossfu,
1004 1799 1132 1852 iudicium
1151 1797 1219 1864 quel

123 1888 252 1940 iudicauit
271 1887 330 1953 (sic,
348 1884 479 1938 vocubulis
497 1890 626 1942 iudicium
641 1892 709 1959 quel
720 1888 752 1940 ub
764 1888 795 1941 ul.
809 1905 840 1940 m.
854 1889 1043 1957 superscriptis)
1059 1884 1097 1936 W.
1128 1883 1217 1935 Statim

121 1986 175 2027 rex
197 1978 317 2028 salomon
341 1972 386 2025 Bc.
423 1973 446 2026 3.
466 1972 497 2025 nb
517 1974 558 2026 im.
583 1985 654 2030 esset
677 1979 705 2030 in
728 1993 758 2030 eo
783 1975 885 2044 Mbodtg
910 1976 1071 2042 conspirante
1097 1969 1137 2022 ed.
1161 1966 1216 2021 cot.

122 2065 147 2113 2.
166 2061 198 2113 ab
218 2064 259 2114 im.
276 2065 396 2117 salamon
414 2062 514 2132 Mbcdg.
549 2063 607 2116 Mox
624 2073 654 2120 ut
672 2081 685 2116 u
705 2081 771 2117 corr.
790 2081 822 2116 m.
842 2064 1035 2132 superscriptum
1055 2061 1080 2114 in
1099 2057 1138 2110 W.

609 2220 671 2292 Cep.
690 2223 730 2278 tn.

228 2291 256 2344 P.
277 2292 335 2346 tte.
756 2293 759 2296 ’

195 2384 218 2447 §.
238 2382 285 2448 48,
304 2382 329 2434 3.
355 2385 459 2437 danihel
476 2381 516 2435 W.
536 2382 601 2435 ttae.
621 2381 681 2434 Deo.-
728 2383 751 2434 5.
772 2384 1010 2453 calumpniatorum
1029 2377 1098 2449 ntbtg
1122 2383 1149 2429 et
1173 2375 1213 2427 ed.

123 2470 177 2524 cot.
214 2474 238 2523 7.
260 2475 321 2527 lori
338 2469 377 2522 W.
643 2537 646 2543 ἱ
856 2513 859 2519 .

193 2562 217 2625 §.
231 2559 274 2624 tu,
292 2558 313 2610 i.
333 2562 386 2614 Est
398 2589 432 2597 -
444 2562 611 2614 individuum
622 2563 769 2631 sapientiae
782 2569 857 2629 atqua
870 2560 989 2613 iustitiae
1003 2553 1214 2621 contuberniam]

122 2647 237 2701 imitatur
256 2649 407 2702 Ciceronem
426 2649 458 2700 de
477 2664 505 2699 re
525 2647 595 2715 publ.
614 2647 656 2699 111.
676 2648 701 2701 8.
720 2656 839 2699 monente
857 2649 886 2700 Δ.
907 2648 975 2702 hicio
993 2662 1019 2713 p.
1035 2644 1093 2696 152.
1113 2640 1242 2704 not.1.=‚*

123 2738 192 2786 etin
212 2751 284 2804 seqq.
305 2730 412 2788 eundern
433 2736 467 2787 de
485 2731 527 2786 ott.
549 2734 578 2788 ll.
599 2735 639 2788 10.
659 2739 683 2802 S.
703 2735 745 2787 35.
782 2735 806 2789 2.
824 2752 994 2805 unaquaeque
1013 2733 1110 2800 (ultime
1129 2730 1161 2812 eb
1178 2729 1220 2804 el.

121 2842 156 2876 m.
176 2824 283 2891 mutata)
300 2823 355 2887 Mo,
383 2824 524 2893 eodemque
549 2823 626 2875 lectio
651 2832 771 2892 corrupta
795 2825 921 2893 reperitur
945 2825 968 2874 in
988 2821 1082 2874 ceteris
1101 2818 1213 2870 Menace.

121 2911 147 2963 3.
167 2920 320 2980 empectetur
338 2909 373 2963 Bu
396 2913 582 2979 permutatione
606 2912 739 2982 frequenti.
776 2913 831 2964 vid.
851 2912 935 2964 adnot.
955 2910 987 2962 ud
1005 2909 1024 2962 1.
1046 2912 1068 2961 1.
1094 2912 1118 2975 §.
1139 2907 1169 2969 1,
1189 2905 1214 2956 4.

121 3001 147 3052 4.
164 3001 280 3071 peculiis
299 3015 313 3050 a
332 3017 363 3051 m.
383 3017 437 3068 pr..
458 3018 473 3052 u
491 3017 542 3054 sec.
559 3005 688 3070 periculis
707 3002 755 3068 hia,
774 3006 803 3055 iu
819 3003 949 3072 periculis
967 3011 990 3054 et
1008 2999 1144 3051 labor-iius
1162 2992 1214 3060 lig,

121 3097 147 3143 el
163 3091 247 3159 perlo-
270 3097 293 3140 el
311 3089 361 3140 lah·
381 3087 449 3153 ΜΒΓ,
477 3106 513 3143 cor
535 3092 615 3158 peric.
639 3098 663 3143 ct
688 3092 737 3143 lah.
758 3088 823 3152 Mcd.
860 3087 918 3139 Mox
942 3090 971 3139 iu
995 3088 1090 3139 dilectu
1108 3080 1158 3142 Bc,
1186 3083 1215 3132 itt

121 3179 215 3230 delicto
242 3173 274 3225 W
300 3183 326 3227 et
349 3191 387 3244 pr.
415 3175 468 3243 tta,
496 3179 629 3230 intellectu
652 3174 697 3228 Bu.
743 3175 804 3228 'lum
830 3180 958 3230 tonorum
982 3173 1119 3243 proprium
1145 3165 1213 3232 nug,

120 3266 260 3333 proprium
286 3266 342 3316 hon.
367 3264 433 3316 rtet.
481 3265 504 3317 5.
529 3276 615 3318 amota
640 3281 687 3333 pro
716 3269 849 3320 commoda
873 3263 919 3315 Bb.
964 3263 989 3313 6.
1013 3276 1093 3314 suum
1120 3258 1217 3324 cuique

119 3370 260 3437 proprium
278 3366 379 3436 lecdg.
425 3370 450 3419 ⁷.
470 3371 609 3422 oorcmuuis
628 3367 694 3436 ung.
732 3368 795 3419 Dein
816 3350 1006 3437 qrtarlripirtita
1024 3367 1090 3432 (sic,
1117 3367 1212 3431 puncto

121 3471 198 3522 supra
216 3471 229 3508 e
248 3454 280 3506 eb
300 3439 323 3506 r.¹
341 3472 373 3506 m.
392 3456 490 3526 posito)
510 3456 565 3522 hle,
591 3458 615 3508 in
636 3455 705 3508 Bebc
724 3456 773 3508 hoc
790 3454 941 3509 vocobulum
965 3470 1013 3523 per
1036 3449 1213 3518 compendium

121 3550 160 3593 est
178 3544 307 3609 scripturn.
353 3543 377 3594 8.
396 3547 594 3615 philosophicae
612 3561 660 3597 om.
680 3545 732 3610 Bu,
759 3547 940 3615 philosophice
958 3544 1151 3613 sapientiaeque
1170 3533 1210 3584 W·
1247 3611 1249 3617 Ι

121 3628 235 3681 Menace.
256 3638 281 3681 et
300 3628 345 3695 Bc,
364 3631 423 3682 item
443 3617 500 3683 edd.
520 3628 573 3682 cot.
595 3649 624 3684 sc
643 3632 724 3696 Meri,
741 3635 920 3702 philosophiae
938 3632 1130 3699 sapientiaeque
1148 3639 1215 3694 quoe

121 3715 225 3768 hmerb.
241 3725 267 3768 et
278 3715 386 3795 liccem,
402 3722 600 3789 philosophicae
613 3724 756 3791 sapientiae
769 3737 834 3790 qaae
846 3719 940 3787 primus
953 3718 1062 3769 correxit
1074 3711 1212 3765 costerius.

120 3801 178 3856 Nec
208 3818 239 3856 ee
271 3805 354 3857 secius
384 3805 503 3858 Pistorius
531 3807 758 3860 Amerbuchienam
788 3815 814 3859 et
841 3805 1013 3858 Ernsminnum
1042 3809 1143 3857 secutus
1174 3806 1213 3868 est

120 3900 265 3996 lectionem.
302 3925 365 3997 Tum<
381 3945 417 3982 ex
435 3933 508 3983 aditu
527 3929 573 3996 W,
601 3949 637 3986 em
656 3879 724 3987 ollito
748 3930 775 3997 (h
792 3948 807 3982 u
825 3948 846 3983 r.
866 3947 899 3982 m.
920 3942 1044 3999 superscr.
1064 3933 1089 3979 el
1109 3943 1123 3977 o
1143 3937 1175 3974 ex
1192 3941 1212 3976 u

121 4015 202 4082 enti)
222 4013 271 4079 Mn,
289 4032 325 4070 ec
343 4019 428 4070 abolito
446 4016 500 4069 rell.
520 4018 642 4084 Menace..
662 4037 698 4073 em
716 4001 785 4073 alito
804 4018 858 4070 Bbo
876 4018 1051 4083 editionesque
1070 4011 1124 4064 Coi.
1144 4007 1211 4060 net.

82 4126 84 4130 ⁴
121 4110 146 4153 et
167 4101 287 4168 Amerb„
316 4107 462 4172 exauditu
481 4103 524 4156 Bu.
559 4105 625 4159 Dein
648 4118 752 4162 erutum
776 4107 818 4160 ed.
837 4102 892 4159 Col.
930 4105 988 4158 ilex
1008 4113 1031 4158 ot
1049 4116 1096 4172 pro
1114 4095 1213 4180 sulib·

120 4204 188 4269 lulrr
206 4178 232 4212 ω
244 4217 414 4282 ,νωονιοιιιιν
431 4207 475 4280 (ut
492 4225 507 4279 q
524 4226 545 4265 r.
564 4227 597 4266 m.
616 4216 757 4284 superior.)
774 4212 825 4284 tro,
843 4221 873 4274 ut
890 4211 917 4270 iu
934 4211 989 4272 nri·
1005 4208 1086 4272 mitti
1096 4205 1213 4303 Nihili&
