2692 4666
120 312 186 375 402
543 307 799 362 ADNOTATIONES

121 467 275 536 qainditr'dr'r
300 464 337 518 Bb
364 483 386 518 c.
412 466 533 530 nmero,
561 471 703 536 qaianditr'a
729 467 767 516 W.
798 467 910 521 bionacc.
938 476 963 518 et
988 469 1119 536 exemptor
1145 470 1221 534 bet..

121 556 247 623 paladita'a
266 551 312 617 Bc,
333 554 394 605 item
413 553 453 604 cd.
474 553 539 615 Coi„
560 557 696 607 Gartaditae
715 553 823 618 Eranam,
846 557 977 608 Galata'tae
995 555 1096 621 Piston,
1118 560 1221 611 Gdan-

122 648 190 698 dr'tae
208 638 387 708 [saiaadlrovj
406 641 489 706 aptius
508 637 607 691 Coster.
628 648 653 690 et
672 639 743 693 Rom.
781 639 845 692 Dein
864 652 988 712 prrattuor
1002 635 1123 697 Wsbiac.
1143 645 1179 697 Bc
1198 655 1223 697 et

122 728 241 793 nmero„
267 736 379 796 quatuor
398 726 473 778 codd.
494 734 519 776 et
538 725 598 776 cdd.
618 725 673 778 reti.
710 725 826 778 Proxime
845 746 1008 795 accurrere,
1033 739 1060 801 ”I
1079 731 1163 797 rotet,
1182 733 1221 784 W.

123 816 182 866 'Ium
203 818 270 884 quod
287 823 396 867 voverat
413 815 523 881 implere
542 810 588 870 bb.
609 830 674 880 quae
692 823 801 866 coemat
813 813 845 862 W
864 824 889 865 et
905 814 1023 884 biacdeig
1043 818 1222 887 editionesque

123 892 225 953 A’nierb.
246 909 271 951 et
290 909 394 951 ceterae
415 898 551 949 Mauriuam
570 897 759 948 antecedentes.

194 991 218 1053 §.
238 988 289 1052 79,
310 988 333 1038 1.
357 1003 435 1055 quom
458 1001 558 1039 novera
582 985 614 1038 ab
639 983 671 1036 ai.
690 1001 724 1036 ru.
743 986 767 1037 iu
787 1001 836 1054 mg.
857 986 934 1039 babet
952 987 998 1040 Bb.
1036 990 1094 1042 btox
1118 997 1174 1044 aibr·
1197 997 1222 1044 r'r

124 1082 169 1133 eui
184 1078 349 1145 promittitur
367 1088 425 1124 con.
443 1074 559 1126 Latinae
577 1074 703 1125 Latinius
721 1073 747 1123 iu
763 1071 884 1126 Bibiiotb.
902 1091 967 1127 sacr.
987 1085 1013 1127 et
1029 1076 1096 1144 proi.
1118 1076 1221 1128 Tomi.

123 1183 148 1233 p.
171 1163 228 1215 132.
249 1162 298 1213 coi.
320 1163 343 1211 1.
381 1159 406 1210 2.
417 1161 509 1222 proterit
527 1161 637 1213 enacim
654 1155 708 1224 Bh,
733 1160 902 1219 exoter'edd.
921 1161 1034 1214 Maurinu
1053 1166 1221 1232 antiquiores,

88 1234 92 1239 ¹
123 1256 260 1308 rescivere
279 1249 309 1300 W
328 1257 352 1299 et
371 1245 485 1298 Monacc.
526 1243 550 1296 3.
571 1249 637 1299 douc
655 1250 750 1300 statuit
768 1245 806 1299 W.
828 1246 942 1301 Monacc.
962 1249 1057 1315 atbar,
1081 1253 1144 1302 item
1164 1251 1220 1302 edd.

123 1338 227 1391 Amerb.
254 1344 408 1402 ceteraeque
428 1333 564 1384 blaurinam
588 1334 779 1386 antecedentes.
817 1335 919 1387 Retinui
940 1353 964 1388 v.
984 1342 1127 1404 domiuus,
1157 1353 1222 1404 quac

124 1430 149 1478 in
168 1442 240 1494 seqq.
259 1424 374 1475 recurrit.
419 1423 443 1472 4.
470 1425 527 1490 Non
549 1423 633 1489 ἱρέων
657 1440 763 1491 aaanper
787 1421 843 1473 iibri
862 1422 974 1476 dinume.
1010 1424 1076 1477 Dein
1095 1428 1223 1479 rotoma

123 1523 186 1568 aaut
205 1516 292 1564 omnia
311 1510 356 1574 ea,
375 1512 464 1563 omnia
481 1511 549 1562 aare
570 1519 634 1562 aurit
647 1509 694 1560 bb.
732 1510 757 1560 6.
777 1520 810 1575 at,
830 1510 899 1577 quod
917 1513 942 1563 iu
958 1512 999 1582 big
1017 1529 1093 1580 snpra
1112 1513 1223 1564 additum

125 1610 172 1664 est,
192 1615 242 1650 cm.
256 1597 318 1649 Bbc.
349 1600 485 1650 Scribitar
503 1611 549 1662 pro
568 1596 636 1664 vulg.
658 1600 820 1651 inscribitur
837 1597 1011 1664 praebuerunt
1030 1599 1108 1651 codd.
1125 1615 1222 1664 omnes,

125 1690 184 1738 item
205 1686 263 1738 edd.
283 1683 337 1736 eat.
358 1692 436 1750 atque
457 1683 522 1733 Med.
561 1683 618 1736 Vid.
638 1701 704 1752 quae
722 1686 843 1738 adnotavi
860 1685 892 1736 ad
912 1684 954 1737 III.
976 1687 1017 1739 10.
1037 1689 1062 1753 §.
1080 1687 1126 1753 67,
1145 1689 1170 1739 4.

230 1791 257 1842 P.
275 1790 335 1842 203.

198 1880 221 1930 1.
239 1887 322 1932 morte
341 1893 391 1928 orn.
412 1875 456 1928 bb.
494 1877 518 1930 3.
537 1881 568 1931 rte
586 1881 671 1931 media
689 1895 824 1947 ayrraqoqa
836 1878 868 1927 W
887 1886 913 1929 et
931 1895 969 1946 pr.
986 1880 1036 1945 bia,
1055 1882 1080 1932 in
1100 1895 1153 1949 quo
1170 1896 1223 1931 sec.

126 1985 158 2019 m.
178 1967 279 2034 scripsit
297 1969 328 2020 de
345 1967 431 2017 madia
451 1982 607 2034 aquamque,
627 1965 694 2033 quod
714 1964 807 2033 legitur
825 1966 902 2017 etiam
919 1967 944 2016 in
962 1966 1020 2030 bie,
1039 1970 1070 2020 ate
1087 1986 1224 2039 aynapoqa

126 2074 226 2142 bibcdg.
270 2070 349 2123 Addit
374 2067 413 2119 111
442 2078 541 2123 ooetua·
587 2067 651 2119 Dein
679 2034 756 2123 *uiae
782 2068 833 2138 (pr.
862 2071 934 2138 eiua)
961 2069 1017 2134 tta,
1046 2072 1115 2124 unde
1141 2078 1223 2128 butam

127 2160 241 2225 biberet,
260 2161 320 2210 item
340 2156 376 2208 Bb
397 2165 423 2207 et
442 2156 483 2207 ed.
503 2155 568 2207 Med.
605 2155 726 2207 Neutrum
748 2155 844 2209 babent
861 2156 912 2222 ea,
932 2157 974 2225 big
993 2164 1019 2209 et
1038 2158 1099 2211 edd.
1120 2159 1223 2212 Amerb.

126 2258 278 2314 ceteraeque
306 2253 364 2297 anta
389 2244 525 2294 biaurinam
551 2259 647 2295 omues.
691 2246 714 2294 4.
740 2249 958 2300 descendentibus
982 2244 1018 2297 Bc
1042 2253 1069 2297 et
1094 2247 1225 2314 exemplar

125 2336 192 2399 Coi,
211 2336 423 2388 dircendeutr'bur
442 2333 504 2397 (sic)
523 2331 612 2382 Pistor.
644 2329 706 2381 tum
726 2335 756 2385 ate
774 2342 849 2387 coetu
867 2332 936 2383 scius
951 2331 987 2384 Ba
1006 2341 1033 2384 et
1045 2331 1125 2385 Maur
1146 2341 1223 2401 atque

125 2424 203 2487 (bib,
224 2441 240 2474 a
258 2431 332 2474 corta
351 2418 424 2469 codd.
445 2426 470 2468 et
489 2417 547 2470 edd.
567 2418 623 2471 reli.
662 2419 685 2468 5.
706 2422 807 2488 abyron
827 2419 866 2471 W.
887 2419 925 2470 bIa
945 2419 1025 2488 (pr.‚)
1045 2419 1115 2489 ttarg
1134 2428 1160 2472 et
1179 2420 1223 2485 Bc,

125 2516 224 2580 abyron
243 2525 296 2560 as.
318 2524 349 2557 m.
371 2505 419 2556 tta.
458 2505 515 2556 biox
531 2516 676 2576 praerupta
693 2506 738 2558 tta.

170 2597 220 2660 ¹§.
234 2595 277 2660 80,
292 2596 316 2645 2.
337 2594 436 2645 Verba·
457 2598 524 2662 quod
542 2598 708 2648 ntenroradr'te
726 2600 837 2649 babetur
849 2558 1111 2666 apndpbitaaopboa,
1133 2597 1225 2647 desunt

124 2688 149 2737 in
170 2683 210 2735 ttf.
248 2681 296 2733 Pro
315 2685 425 2734 babetur
445 2680 480 2731 Bb
499 2679 587 2731 scribit
606 2684 759 2735 arbitratur.
798 2681 835 2733 Da
854 2697 882 2732 rc
901 2681 951 2733 vid.
969 2687 1025 2743 Cic.
1047 2683 1079 2733 de
1098 2681 1166 2734 oific
1182 2681 1223 2732 111

128 2825 167 2876 10.
189 2827 213 2888 §.
232 2823 275 2875 45.
313 2819 337 2870 3.
357 2818 424 2870 bute
445 2834 469 2870 v.
490 2828 601 2889 tyranno
620 2819 835 2885 praepositionem
855 2834 904 2870 om.
924 2818 968 2872 Bc.
1008 2821 1034 2872 4.
1054 2767 1225 2892 amenppqim

125 2918 206 2962 exstat
225 2911 249 2960 in
269 2909 307 2959 bia
333 2910 417 2974 inepta
442 2907 489 2957 ista
514 2904 614 2973 glossa,
643 2921 709 2974 quae
735 2908 760 2957 in
785 2908 881 2959 ceteris
905 2907 976 2961 libris
994 2908 1108 2962 Menace.
1128 2918 1224 2960 textum

125 2998 275 3064 occupavit,
297 3013 309 3046 a
329 3013 349 3047 r.
368 3011 401 3046 m.
421 2993 597 3060 superaddita;
623 2998 707 3063 capite
725 2994 802 3046 babet
821 2994 863 3046 Ba.
902 2995 967 3047 Dein
986 2999 1144 3065 dampnatus
1164 2996 1225 3046 dant

125 3085 212 3152 bibdig
231 3101 253 3134 c.
274 3083 313 3135 ed.
334 3081 388 3133 Coi.
424 3081 481 3132 blox
506 3091 565 3134 aute
581 3085 778 3151 praescriptum
796 3086 862 3136 diem
882 3087 977 3138 mortis
995 3082 1115 3135 scribitur
1133 3084 1157 3133 iu
1179 3081 1224 3133 Bb.

126 3175 149 3222 5.
170 3183 200 3226 ut
218 3187 264 3238 pro
283 3188 332 3238 quo
352 3168 472 3220 exhibent
491 3169 566 3219 codd.
585 3169 616 3218 W
635 3176 662 3219 et
680 3167 741 3232 Ebc,
762 3170 822 3220 item
842 3168 900 3220 edd.
920 3168 975 3221 eat.
994 3184 1025 3220 ac
1043 3168 1109 3220 Med.
1146 3159 1175 3219 65
1193 3187 1225 3222 ue

124 3261 242 3313 vertendi
262 3256 300 3307 W.
339 3255 400 3306 Tum
420 3265 532 3310 mutaret
547 3260 621 3326 fidem
640 3255 688 3324 ng.
731 3258 756 3306 7.
776 3260 870 3326 optulit
888 3272 934 3324 pro
953 3257 1047 3325 vulgat.
1068 3261 1225 3312 0111111111-

125 3347 182 3412 cepi
204 3362 235 3397 er
256 3345 331 3396 codd.
352 3343 406 3394 biae
427 3351 453 3393 et
470 3340 514 3394 ssc.
551 3343 608 3393 Vid.
627 3343 658 3394 ad
678 3342 697 3394 I.
716 3343 741 3394 8.
762 3344 786 3407 ς.
804 3344 848 3408 25,
867 3342 892 3394 6.
929 3343 1023 3411 Scripsi
1042 3343 1135 3395 deiude
1154 3361 1224 3397 oon-

124 3437 226 3488 dicioue
244 3449 290 3499 pro
311 3432 459 3484 conditione
484 3446 541 3481 cum
560 3429 599 3480 W.
620 3429 661 3499 ng
680 3439 706 3482 et
724 3431 765 3481 ed.
787 3429 841 3483 Coi.
878 3429 951 3482 Coni.
972 3431 1003 3482 ad
1022 3429 1064 3482 111.
1084 3430 1110 3482 3.
1135 3434 1159 3496 §.
1178 3431 1223 3496 22,

125 3520 201 3572 3-4.
244 3520 269 3570 8.
297 3526 469 3588 opnoacerant
486 3516 526 3567 W.
563 3517 587 3567 9.
612 3521 767 3572 recurrerit
791 3518 859 3569 idem
885 3517 955 3571 iiber.
993 3515 1066 3569 Cani.
1086 3532 1152 3584 quae
1174 3517 1223 3567 nd-

124 3610 210 3659 notavi
230 3608 261 3658 ad
282 3606 300 3658 1.
320 3606 360 3658 29.
389 3604 544 3670 §.142‚2.
583 3609 734 3659 Reerraabat
752 3603 797 3655 Rb.
845 3605 954 3656 10--11.
980 3608 1063 3658 altera
1086 3603 1178 3658 diaW
1198 3613 1224 3654 et

123 3713 159 3765 pr.
177 3696 223 3760 Ma,
243 3710 349 3763 quorum
369 3692 409 3743 bic
428 3709 441 3742 a
462 3709 482 3742 s.
502 3708 535 3742 m.
556 3695 622 3744 atter
636 3691 665 3758 (a
677 3691 746 3742 finali
759 3695 837 3754 eras.)
859 3691 903 3745 die
915 3696 1014 3761 recepit
1026 3691 1108 3758 (alter
1120 3694 1188 3744 diem
1200 3710 1223 3744 r.

124 3783 256 3850 1111)οά18),
284 3783 309 3831 in
329 3796 378 3847 mg.
397 3787 482 3830 autem
507 3779 538 3830 ab
563 3779 620 3830 rudi
638 3778 735 3830 sacculi
752 3777 816 3828 XIII.
837 3793 912 3829 manu
938 3778 995 3843 „vel
1022 3781 1056 3831 ad
1078 3780 1147 3832 diem
1174 3796 1223 3832 re-

123 3872 253 3941 pedavit“‚
274 3867 312 3918 dle
332 3870 357 3918 in
376 3875 496 3918 contextu
515 3870 582 3920 attor
595 3870 628 3919 ad
640 3870 709 3920 dr'era
720 3869 865 3935 repedavit,
886 3869 953 3919 diem
964 3868 1071 3934 recepit.
1103 3863 1224 3916 Ceterum

124 3963 157 4012 ad
175 3961 244 4011 diam
262 3959 397 4023 repedavit
414 3956 475 4005 item
494 3956 619 4022 reperitur
637 3956 663 4005 in
681 3951 725 4017 ba,
744 3969 854 4021 quocum
873 3954 1020 4020 conspuant
1038 3951 1098 4003 edd.
1118 3951 1223 4004 Amerb.

124 4053 279 4113 ceteraeque
305 4042 441 4094 Mauricum
468 4043 658 4094 antecedentes.
695 4039 753 4092 Mox
776 4058 822 4095 eoa
846 4059 931 4111 usque
949 4038 994 4092 ssa.
1030 4038 1057 4091 In
1077 4055 1150 4107 seqq.
1172 4043 1223 4094 aa·

124 4132 268 4199 eoiroeret]
298 4129 336 4184 Ita
361 4130 398 4184 Rc
425 4131 603 4200 editionesque
629 4128 697 4189 Med.
727 4126 795 4182 Cast.
821 4127 910 4182 Pistor.
936 4128 1009 4182 Rom.
1038 4126 1118 4181 Maur.
1146 4126 1224 4193 (bib,
