2692 4666
377 336 423 391 llll
442 334 579 393 omem
597 337 820 393 blllilblliollUbl
838 337 935 395 amun
952 339 971 393 1.
1177 337 1219 407 79

215 495 286 564 138.
330 501 484 565 Potentiae
507 517 628 580 quoquc
651 500 796 581 cupiditas
817 499 944 566 dormant
963 501 1090 566 iustitiae
1105 499 1219 564 virilem

126 611 284 677 effeminat.
333 610 492 689 Quomddc
523 616 603 678 enim
635 621 736 698 potest
767 634 824 698 pro
858 617 922 679 aliis
955 615 1136 685 intervenire
1169 615 1220 699 qai

123 725 200 790 alios
215 727 271 790 sibi
287 728 427 793 subicere
447 736 589 807 conatur,
613 735 643 791 et
665 728 780 791 inlinno
804 728 950 793 adversus
971 734 1111 809 potentes
1133 745 1220 809 opem

122 838 204 904 ferre
228 842 279 921 qui
301 841 366 923 ipse
387 860 513 928 gravem
534 841 662 905 libertati
685 842 814 906 adfectat
836 842 1023 924 potentiam?

502 1129 672 1196 CAPUT
706 1131 834 1198 xxix.

121 1311 244 1367 lmtidam
264 1315 291 1366 in
316 1313 384 1365 bebo
414 1315 488 1366 etiam
516 1321 593 1383 atque
620 1315 681 1380 ipsis
706 1313 821 1367 hostibus
854 1315 954 1366 servari
981 1323 1100 1382 oportere
1125 1315 1220 1383 Moysis

121 1408 201 1470 atque
212 1400 326 1454 Helisaei
344 1402 467 1470 exemplis
486 1401 643 1466 ostenditnr3
662 1401 694 1453 ab
712 1401 835 1454 Hebraeis
853 1409 940 1453 mutuo
958 1410 1060 1455 veteres
1079 1404 1218 1471 accepisse,
1258 1388 1270 1412 ⁶

123 1495 152 1538 at
168 1487 258 1542 beatos
277 1487 435 1558 appellarent
454 1489 555 1539 nomine
573 1486 697 1552 molliori;
724 1487 834 1557 donique
852 1489 965 1540 iustitiae
989 1487 1176 1545 laudamentum
1194 1488 1219 1540 iu

434 1575 485 1627 lide
504 1592 560 1628 esse
580 1592 610 1628 ac
627 1575 733 1627 formam
750 1576 775 1627 in
794 1576 911 1628 ecclesia.

216 1753 286 1820 139.
332 1755 446 1829 Quanta
477 1761 573 1818 autem
596 1755 707 1818 iustitia
729 1755 767 1818 sil
798 1773 837 1817 ex
866 1754 925 1817 boc
954 1755 1086 1837 intellegi
1113 1760 1219 1836 potest,
1238 1780 1250 1809 ·.

123 1871 207 1953 quod
231 1888 288 1933 nec
309 1870 400 1950 locis,
424 1888 481 1932 nec
500 1871 654 1952 persona,
677 1889 735 1934 nec
753 1871 935 1952 temporibus
958 1869 1120 1951 excipitur,
1143 1886 1219 1949 quae

122 1986 211 2048 etiam
233 1984 368 2047 hostibus
387 1990 578 2062 reservatur,
602 1991 649 2062 ut,
672 1984 698 2046 si
721 1983 896 2047 constitutus
915 1982 954 2044 sit
972 2000 1037 2045 curn
1063 1982 1148 2045 hoste
1169 1987 1220 2044 aut

1305 406 1321 439 r.

120 2098 208 2162 locus
238 2103 288 2160 aut
314 2097 377 2160 dies
409 2097 541 2179 praelio,
576 2096 722 2160 adversus
754 2097 892 2160 iustitiam
923 2102 1042 2176 putetur
1071 2103 1121 2159 aut
1143 2095 1218 2159 ,loeo
1303 2080 1306 2085 ¹

120 2212 303 2293 praevenire
326 2216 376 2273 aut
399 2219 542 2294 tempore.
587 2211 714 2275 Interest
737 2213 832 2292 enim,
864 2216 961 2274 utrum
989 2213 1095 2293 aliquis
1120 2229 1220 2294 pugna

122 2327 222 2408 aliqua
244 2333 277 2388 et
298 2326 437 2391 conflictu
459 2331 545 2412 gravi
568 2329 710 2411 capiatur,
733 2347 770 2391 an
793 2330 949 2411 superiore
974 2327 1069 2410 gratia
1091 2326 1140 2388 vel
1162 2325 1219 2389 ali-

122 2458 185 2522 quo
209 2448 329 2503 eventu.
371 2440 525 2520 ‘Siquidem
539 2432 542 2437 ’
557 2440 827 2504 vehementioribus
859 2441 995 2504 hostibus
1019 2449 1049 2503 ct
1071 2438 1168 2501 infidis
1191 2443 1220 2501 et

120 2553 188 2632 his,
214 2555 264 2635 qui
288 2554 411 2636 amplius
434 2554 593 2635 laeserint,
624 2556 831 2619 vehementior
852 2555 983 2618 refertur
1005 2554 1094 2632 ultio,
1126 2560 1159 2615 ut
1181 2550 1225 2617 fl

122 2667 307 2747 Madianitis‚
330 2664 358 2750 Ι)
392 2668 443 2747 qui
465 2685 520 2748 per
544 2668 682 2731 mulieres
706 2685 775 2731 suas
797 2667 960 2750 plerosque
983 2683 1111 2746 peccare
1135 2665 1219 2727 lece-

120 2789 191 2846 rant
218 2800 257 2845 ex
287 2781 375 2864 plebe
397 2780 593 2860 ludaeorum,
625 2782 705 2843 unde
737 2787 767 2842 ct
798 2781 847 2843 dei
876 2781 906 2842 in
937 2779 1077 2862 populum
1105 2786 1219 2862 patrum

120 2895 276 2960 bacnndia
305 2893 400 2957 eliusa
434 2899 487 2956 est.
531 2892 660 2956 Etideo
684 2894 876 2973 factumest,
909 2901 941 2956 nt
963 2893 1075 2956 nullum
1096 2893 1219 2976 Moyses

121 3008 221 3072 victor
243 3023 405 3089 superesse
436 3010 606 3086 pateretur3
636 3003 815 3069 Gabaonitas
845 3013 958 3087 autem,
975 3005 1007 3088 2)
1042 3009 1092 3090 qui
1114 3006 1219 3071 fraude
1339 3083 1341 3088 Ι

121 3122 234 3206 magis,
264 3139 354 3202 quam
375 3119 456 3182 bello
485 3124 700 3201 temptaverant
730 3120 845 3202 plebem
873 3128 1003 3203 patrum,
1034 3140 1094 3185 non
1118 3139 1218 3202 enpu-

121 3241 232 3320 gnaret
246 3234 347 3314 lesus,
369 3233 424 3297 sed
448 3232 625 3296 conditionis
645 3235 790 3316 inpositae
816 3234 950 3299 alliceret
972 3235 1086 3298 iniuria.
1124 3235 1218 3318 Syros

120 3368 199 3414 vero
220 3349 395 3428 Helisaeus,
428 3366 505 3428 quos
529 3348 699 3412 obsidentes
723 3351 753 3411 in
775 3350 924 3414 civitatem
947 3349 1120 3428 induxerat,
1148 3368 1218 3414 rno-

122 3469 281 3526 mentanea
314 3461 457 3522 caecitate
485 3478 663 3542 percussos,
699 3467 730 3522 ut
761 3478 820 3540 quo
854 3461 1085 3545 ingrederentur
1114 3462 1217 3527 videre

122 3595 186 3642 non
206 3579 346 3658 possent,
377 3575 488 3637 volenti
517 3576 583 3658 regi
613 3574 705 3637 lsrael
734 3582 891 3656 percutere
919 3595 981 3641 non
1010 3577 1218 3659 adquiesceret

122 3691 244 3755 dicens:
260 3686 293 3774 ³)
324 3689 396 3751 Non
423 3691 579 3769 percuties
610 3708 688 3769 qnos
715 3708 779 3752 noa
811 3691 979 3768 captivasti
1000 3692 1035 3754 ta
1056 3692 1167 3756 lancea
1188 3700 1219 3756 ct

123 3806 158 3868 in
179 3805 286 3886 plodio
309 3812 381 3876 ta05
412 3821 495 3881 pone
518 3803 564 3866 eia
582 3822 697 3883 panem
718 3812 749 3864 ct
769 3821 900 3884 aqueae,
923 3812 958 3867 at
978 3806 1218 3869 manducent-ct

124 3917 232 3981 bibant
254 3927 285 3980 ct
305 3917 501 3979 remittantur·
524 3923 555 3977 et
575 3926 648 3978 eant
670 3916 712 3978 ad
733 3916 890 3979 domiuum
911 3936 1019 3996 saum,
1054 3926 1093 3982 ut
1107 3919 1216 3984 buma-

197 4160 225 4230 1)
242 4159 315 4213 llum.
336 4158 379 4227 31,
397 4157 414 4210 3
431 4174 502 4228 seqq.
574 4157 603 4225 2)
621 4144 703 4212 losue.
722 4158 749 4227 9,
768 4159 802 4213 20
820 4175 892 4228 seqq.
962 4157 992 4228 3)
1010 4159 1036 4211 tl.
1052 4159 1116 4233 Bag.
1131 4161 1158 4229 o,
1172 4154 1214 4217 ἃ.
