2692 4666
163 330 226 396 156
610 324 635 379 s.
655 323 811 378 auunosu

163 486 303 568 quoniam
325 486 376 567 qui
398 483 592 567 congreditur
622 482 804 564 sapientibus
836 483 956 564 sapiens
985 486 1047 560 cm
1080 484 1133 567 qui
1163 488 1266 547 nutem

164 597 306 661 cohaeret
335 594 560 678 inprudentibus
592 591 756 674 inprudens
786 591 978 678 aghoscitur.
1011 592 1051 657 llt
1077 594 1129 659 ad·
1148 594 1267 659 instr'u-

164 710 292 772 ctionem
316 710 416 789 itaque
438 708 593 789 plurimum
619 704 737 786 prolicit
759 710 790 766 et
811 704 849 767 ad
870 704 1024 786 probitatis
1049 700 1265 771 'tashmonium

164 819 332 883 ostendunt
355 820 431 882 enim
455 817 662 881 adulescentes
686 833 790 878 eorum
813 831 847 878 se
868 815 1032 880 imitatores
1054 828 1132 898 esse,
1157 821 1266 900 quibus

164 930 344 1007 adhaerent3
367 938 398 994 et
421 949 457 993 ea
480 928 662 991 convalescit
685 927 807 1008 opinio,
834 927 913 1008 quod
936 929 972 991 ab
995 930 1042 992 his
1063 930 1185 994 vivendi
1208 950 1264 997 ac-

164 1044 300 1124 ceperint
322 1042 557 1120 similitudinem,
589 1058 656 1103 cum
678 1041 785 1121 quibus
808 1041 1008 1104 conversandi
1030 1041 1184 1106 hauserint
1207 1062 1265 1109 cu-

165 1157 324 1238 piditatem.

252 1266 303 1333 98.
348 1266 419 1331 lnde
441 1273 540 1330 tantus
562 1266 646 1329 lesus
669 1266 769 1346 Nave,
792 1265 873 1348 quod
895 1284 964 1333 eum
986 1285 1047 1332 non
1070 1269 1167 1332 solum
1189 1286 1267 1333 eru·

165 1379 238 1444 divit
254 1380 290 1443 ad
306 1381 383 1462 legis
407 1379 560 1442 scientiam
577 1378 674 1461 Moysi
697 1379 813 1461 copula,
834 1398 939 1443 verum
962 1382 1049 1444 etiam
1072 1382 1267 1446 sanctificavit

166 1493 203 1557 ad
218 1493 353 1575 gratiam.
392 1493 528 1572 Denique
550 1510 616 1555 cum
639 1493 669 1555 in
688 1493 753 1556 eius
775 1494 967 1558 tabernaculo
990 1494 1089 1557 divina
1111 1493 1268 1578 refulgere

165 1605 335 1687 praesentia
356 1605 510 1669 videretur
531 1608 672 1670 maiestas
696 1606 816 1686 domini,
839 1608 921 1670 solus
941 1613 1006 1670 erat
1024 1608 1055 1670 io
1070 1608 1266 1673 tabernaculo

165 1713 249 1777 lesus
272 1713 364 1777 Nave.
413 1715 535 1798 Moyses
557 1735 624 1780 cum
647 1718 705 1780 deo
728 1717 923 1798 loquebatur,
945 1717 1030 1782 lesus
1051 1721 1164 1801 pariter
1185 1720 1266 1785 nube

167 1843 253 1890 sacra
286 1827 451 1908 tegebatur.
473 1825 501 1912 ¹)
545 1828 715 1910 Presbyteri
747 1834 776 1890 et
806 1828 934 1910 populus
967 1828 1108 1892 deorsum
1139 1830 1266 1909 stabam,

166 1939 249 2002 lesus
283 1959 349 2002 cum
371 1941 478 2023 Moyse
502 1941 538 2003 ad
561 1941 762 2022 accipiendam
794 1942 894 2023 legem
926 1941 1115 2004 ascendebat.
1162 1940 1266 2004 Omnis

166 2052 294 2136 populus
324 2053 400 2115 intra
431 2059 528 2114 castra
559 2058 639 2130 erat,
670 2051 756 2114 lesus
788 2059 873 2114 extra
903 2058 999 2114 castra
1021 2052 1052 2113 in
1073 2051 1267 2114 tahemaculo

167 2166 336 2228 testimonii.
383 2164 456 2226 Cum
479 2164 614 2227 columna
636 2165 723 2227 nubis
747 2163 943 2226 descenderet
959 2163 1178 2244 alloqueretur
1200 2181 1266 2227 cum

166 2276 291 2360 bloyse,
324 2277 409 2356 quasi
431 2274 506 2336 lidus
534 2274 668 2337 adstabat
690 2274 839 2354 minister,
861 2292 918 2336 nec
941 2272 1042 2359 exibat
1062 2272 1101 2336 de
1122 2274 1266 2337 taberna-

168 2388 235 2452 culo
267 2388 400 2466 iuvenis,
435 2405 500 2449 cum
534 2387 672 2449 seniores
706 2387 799 2468 longe
829 2386 917 2468 positi
950 2380 1048 2448 divina
1082 2385 1268 2466 trepidarent

166 2501 316 2563 miracula.

255 2607 306 2674 99.
352 2610 467 2688 Ubique
496 2608 586 2691 igilur
617 2609 695 2672 inter
726 2609 895 2672 admiranda
928 2626 1022 2690 opera
1043 2617 1074 2673 et
1097 2609 1267 2673 reverenda

167 2721 284 2788 secreta
306 2728 409 2786 sancto
432 2723 531 2804 Moysi
553 2722 722 2786 individuus
745 2723 934 2786 adhaerebat.
972 2720 1056 2787 Unde
1079 2721 1189 2786 lactum
1213 2728 1268 2800 est,

168 2842 200 2898 ut
222 2838 272 2917 qui
294 2835 393 2898 iuerat
416 2835 516 2897 socius
539 2836 794 2915 conversationis,
827 2835 913 2898 lieret
943 2852 1104 2898 successor
1130 2841 1269 2916 potesta·

169 2947 215 3009 tis.
229 2943 263 3030 ²)
300 2948 407 3010 Merito
431 2949 476 3010 vir
499 2947 667 3010 huiusmodi
691 2950 803 3026 evasit,
825 2957 860 3013 ut
880 2938 1175 3013 shuret'flumi'num
1196 2967 1269 3011 cur-

169 3048 288 3144 sus,'³)
320 3059 449 3122 diceret:
481 3060 545 3125 Stet
566 3061 630 3151 sol,
660 3066 690 3122 et
710 3066 804 3124 staret
825 3061 891 3140 sol,
923 3062 1009 3142 quasi
1030 3061 1095 3123 eins
1117 3043 1271 3142 spectator

168 3171 313 3234 victoriae
334 3178 453 3235 noctem
476 3170 627 3253 differret,
658 3172 735 3235 diem
757 3172 939 3255 produceret
946 3195 956 3250 ;
972 3168 1005 3257 ⁴)
1036 3170 1134 3254 quid?
1168 3169 1271 3256 (quod

169 3284 265 3366 bloysi
288 3293 430 3368 negatum
452 3282 517 3368 est)
541 3286 624 3349 solus
647 3286 826 3368 eligeretur,
849 3293 881 3349 ut
901 3287 1042 3368 populum
1063 3283 1272 3349 introduceret

169 3397 199 3459 in
222 3404 331 3458 terram
355 3399 610 3478 repromissionis.
645 3399 772 3483 Magnus
794 3401 840 3462 vir
862 3399 931 3461 lidei
953 3399 1121 3477 miraculis,
1144 3415 1271 3483 maguus

170 3507 332 3589 triumphis.
370 3507 449 3570 lllius
466 3509 638 3592 augustiora
660 3527 763 3599 opera,
786 3510 873 3573 huius
896 3512 1099 3591 prosperiora.
1137 3511 1271 3592 Uterque

170 3619 261 3703 igitur
286 3618 384 3682 diviua
409 3619 554 3683 subnixus
577 3621 674 3703 gratia
693 3620 772 3682 ultra
803 3620 958 3683 humanam
989 3621 1138 3702 prooessit
1161 3621 1271 3687 condi·

171 3732 306 3810 cionem3
329 3733 378 3795 ille
400 3734 492 3813 mari,
514 3734 563 3796 hic
585 3734 670 3797 caelo
693 3734 856 3815 imperavit.
874 3729 905 3816 ⁵)
1075 3713 1084 3727 ⁴

245 3995 275 4066 1)
292 3996 374 4050 Exod.
396 3997 439 4065 24,
458 3997 492 4050 13
509 4013 581 4069 seqq.
617 3998 650 4052 ei.
669 3998 713 4066 33,
731 3999 748 4051 8
765 4014 837 4070 seqq.
889 3998 919 4066 2)
938 3998 1014 4052 Dent.
1032 3997 1076 4067 34,
1094 4000 1120 4053 9.
1174 3998 1204 4066 3)
1224 3998 1271 4052 los.

172 4082 199 4153 3,
218 4081 251 4137 ts
268 4099 341 4154 seqq.
412 4084 442 4153 l)
460 4085 525 4143 lbid.
544 4085 587 4151 1⁰,
606 4086 640 4140 12
656 4102 728 4155 seqq.
797 4087 828 4156 5)
847 4085 929 4141 Exod.
948 4086 992 4154 14,
1011 4087 1053 4141 21.
