2692 4666
132 343 197 409 212
580 336 606 391 s.
625 336 780 391 nnanosn

131 500 336 584 apostolorum
355 495 383 582 ¹)
413 516 478 561 cum
511 496 717 562 descendisset
746 516 838 580 super
867 497 1020 579 apostolos
1050 497 1172 580 spiritus
1200 503 1231 560 et

130 613 307 698 plerosque,
334 613 384 695 qui
408 614 623 694 exspectabant
644 614 790 696 promissa
814 613 936 691 domini,
960 619 1107 692 tamquam
1129 612 1230 695 ignem

130 726 282 809 dispersas
305 742 374 788 esse
396 724 514 807 linguas
535 725 670 809 legimus.
711 725 848 807 Denique
871 724 915 788 sic
938 726 1139 809 vaporabatur
1162 725 1230 787 ani-

128 857 194 903 mus
217 838 418 922 singulorum,
441 845 474 900 ut
496 843 593 900 musto
617 836 722 917 repleti
746 854 816 901 esse
839 837 1077 899 existimarentur
1100 837 1152 916 qui
1175 854 1230 898 ac-

129 957 271 1033 ceperant
292 951 460 1033 lingnnrum
483 947 691 1011 diversitatem.

219 1061 289 1128 101.
336 1061 412 1140 Ouid
435 1080 511 1144 ergo
535 1061 592 1124 sibi
614 1060 678 1123 vult
700 1059 781 1142 quod
805 1062 883 1144 ignis
906 1080 982 1143 aqua
1009 1060 1107 1125 iactus
1129 1067 1229 1124 estet

127 1198 203 1261 aqua
234 1179 334 1261 ignem
365 1176 521 1254 excitavit,
555 1175 612 1238 nisi
645 1176 713 1255 quia
743 1173 883 1255 spiritalis
913 1177 1007 1257 gratia
1039 1193 1096 1257 per
1125 1175 1228 1257 ignem

127 1293 236 1371 exurit,
257 1310 313 1374 per
336 1309 442 1371 aquam
464 1286 584 1350 mundat
604 1294 727 1369 peccata
749 1289 878 1351 nostra?
916 1289 1032 1352 Eluitur
1050 1290 1131 1352 enim
1153 1307 1228 1370 pec-

127 1415 224 1471 catum
252 1411 282 1469 et
309 1403 453 1467 exuritur.
498 1402 583 1464 Unde
607 1408 637 1463 et
659 1401 814 1482 apostolus
837 1402 894 1465 ait:
911 1399 943 1485 ²)
977 1402 1228 1485 Uniascoiosqoe

127 1538 207 1599 opos
236 1518 327 1599 qooie
355 1517 399 1580 rit
428 1517 509 1597 iperio
534 1514 685 1596 probabit
691 1535 703 1589 ;
735 1523 765 1578 et
794 1515 888 1579 infra:
906 1513 938 1600 ³)
968 1520 1004 1582 Si
1035 1518 1126 1581 cuias
1151 1536 1228 1598 opor

126 1634 261 1709 aremii,
294 1631 510 1693 detrimentum
528 1631 687 1709 potietor3
719 1631 786 1709 ipse
809 1637 911 1692 tomen
933 1631 1147 1707 solemnit,
1180 1630 1228 1692 sio

125 1754 229 1809 tomen
250 1744 342 1828 qoosi
360 1764 420 1825 per
444 1745 552 1824 ipnem.

214 1855 285 1922 105.
330 1857 417 1933 Quod
440 1856 509 1918 ideo
532 1856 702 1938 posuimus,
734 1863 767 1919 ut
795 1856 1008 1938 probaremus,
1039 1857 1226 1940 perignem

125 1973 211 2036 exuri
233 1978 365 2055 peccata.
402 1970 511 2032 Notum
534 1975 679 2052 astorgo
702 1970 780 2033 bunc
804 1987 873 2034 esso
888 1989 963 2033 vero
978 1971 1079 2054 ignem
1094 1987 1225 2051 sacrum,

124 2087 173 2167 qui
206 2093 277 2149 tunc
307 2085 338 2147 in
368 2091 440 2167 typo
472 2083 591 2147 futurae
623 2085 809 2148 remissionis
842 2091 1034 2167 peccatorum
1069 2083 1226 2148 descendit

123 2217 216 2281 super
238 2197 424 2262 sacrificium.

214 2308 285 2377 tud.
330 2312 384 2374 Hic
414 2312 506 2396 igitur
535 2311 614 2394 ignis
646 2311 839 2376 absconditur
868 2310 1044 2393 captivitatis
1075 2317 1225 2392 tempore,

124 2442 184 2505 quo
207 2424 295 2506 eulpa
317 2432 443 2508 regnan
466 2432 600 2505 ternpore
623 2431 721 2487 autern
743 2424 887 2487 libertatis
909 2424 1063 2506 promitur.
1102 2422 1141 2484 Et
1156 2422 1226 2484 licet

123 2536 154 2598 in
176 2554 272 2618 aquas
294 2536 426 2618 speciem
456 2528 604 2614 mutatus,
636 2541 735 2597 tamen
766 2542 868 2599 servat
898 2536 977 2618 ignis
1007 2540 1159 2616 naturam,
1192 2541 1226 2598 ut

123 2655 315 2713 consumeret
336 2648 520 2712 sacrificium.
567 2647 631 2709 Nec
653 2648 781 2724 mireris,
805 2666 871 2711 cum
895 2648 1022 2730 legeris,
1046 2647 1117 2728 quia
1140 2653 1224 2729 pater

122 2761 197 2825 deus
227 2762 316 2825 dixit:
333 2758 367 2844 ⁴)
398 2761 467 2842 Epo
497 2780 565 2823 som
594 2760 678 2841 ipnis
707 2779 910 2838 consumens,
944 2767 975 2824 et
1003 2760 1088 2823 alibi:
1106 2757 1141 2845 ⁶)
1176 2759 1223 2823 tta

121 2875 353 2956 dereliquerant
382 2873 499 2951 fontem
531 2893 633 2954 oquae
666 2874 765 2937 cicae.
818 2873 885 2955 ipse
925 2891 1045 2955 quoque
1083 2873 1223 2937 dominus

120 2987 204 3051 iesus
226 2988 312 3070 quasi
334 2988 412 3071 ignis
436 2985 595 3049 inflammat
617 2986 798 3049 audientium
821 2986 931 3065 corda,
962 2987 1046 3067 quasi
1075 2984 1146 3051 fons
1168 3006 1223 3049 re-

121 3099 263 3184 frigerat3
285 3118 352 3162 narn
374 3100 440 3180 ipse
463 3101 492 3161 in
517 3098 676 3182 evangelio
700 3116 756 3160 suo
780 3097 851 3160 dicit
863 3093 895 3181 6)
911 3098 992 3179 quod
1007 3096 1076 3161 ideo
1094 3099 1222 3175 venerit,

120 3220 152 3277 ut
175 3213 277 3296 ignem
299 3212 329 3275 in
353 3220 450 3276 terras
474 3215 603 3276 mitteret
626 3220 657 3276 et
677 3219 782 3294 potum
808 3212 975 3275 sitientibus
1006 3229 1104 3293 aquae
1136 3212 1221 3274 vivae

120 3327 311 3389 ministraret.

212 3438 284 3504 tor.
329 3438 433 3503 Heliae
454 3456 577 3521 quoque
600 3446 736 3521 ternpore
759 3438 914 3503 descendit
937 3437 1025 3522 ignis,
1043 3430 1074 3519 ⁷)
1102 3433 1220 3518 quando

120 3552 297 3636 provocavit
319 3554 480 3634 propbetas
503 3557 647 3638 gentium,
670 3562 703 3618 ut
724 3552 816 3621 altar'e
839 3557 905 3618 sinc
925 3555 995 3639 igne
1011 3551 1219 3614 accenderent

120 3663 157 3726 Et
180 3680 245 3727 curn
268 3663 308 3725 illi
331 3668 507 3746 nequissent
528 3665 649 3745 iacere,
679 3666 805 3731 bostiam
827 3685 911 3730 suam
934 3666 1022 3729 tertio
1051 3665 1118 3746 ipse
1147 3681 1219 3745 pcr-

121 3774 195 3840 iudit
224 3792 301 3857 aqua
330 3781 361 3837 et
389 3778 526 3840 manabat
552 3795 630 3859 aqua
658 3778 689 3840 in
719 3779 844 3842 circuitu
874 3777 974 3842 attaris
1005 3783 1036 3841 ot
1065 3777 1218 3842 exclama·

120 3905 237 3914 0———·-
242 3904 319 3913 ..η-

192 3958 219 4023 1)
239 3957 296 4010 Act.
315 3958 341 4024 2,
359 3960 376 4010 t
394 3977 466 4030 seqq.
519 3961 547 4025 2)
567 3961 591 4013 1.
604 3959 662 4012 Cor.
682 3958 708 4024 3,
729 3957 769 4011 13.
824 3957 854 4026 3)
872 3957 936 4010 lbid.
955 3973 979 4010 v.
1000 3957 1040 4011 1⁵.
1095 3958 1125 4025 1)
1145 3956 1215 4008 Dent.

121 4044 148 4110 1,
161 4045 202 4098 24.
239 4047 268 4114 5)
287 4045 437 4113 urerent,
452 4044 493 4102 13.
528 4047 557 4113 6)
575 4046 635 4099 Luc.
651 4045 693 4112 12,
707 4044 741 4097 to
754 4053 781 4097 ct
795 4044 882 4107 loono.
895 4043 922 4109 7,
935 4043 968 4096 37
982 4058 1038 4111 seq.
1074 4043 1105 4110 7)
1118 4041 1143 4096 3.
1155 4042 1214 4111 neg.

122 4130 165 4198 ts,
185 4131 227 4187 38.
