2692 4666
128 335 191 403 tto
575 335 601 388 ε.
620 333 776 389 meaosu

125 497 310 562 honestatem
334 503 365 560 et
386 496 539 561 utilitatem
561 497 639 561 inter
662 515 696 561 se
719 515 887 578 conparare
902 496 1064 561 debeamus
1080 503 1112 560 et
1129 515 1230 578 quae-

125 629 195 674 rere
218 608 288 691 quid
310 610 349 673 sit
370 608 565 690 sequendum.
602 609 684 675 Sicut
702 611 782 673 enim
797 627 887 692 supra
903 610 1103 690 tractavimus,
1128 617 1230 674 utrum

125 725 284 789 honestum
307 722 393 804 illud,
416 743 454 787 an
477 729 564 806 turpe
587 730 687 802 esset,
711 732 741 787 et
764 723 898 789 secundo
921 725 999 804 loco,
1023 732 1123 789 utrum
1147 725 1230 806 utile,

126 856 162 901 an
186 836 307 914 inutile;
338 836 471 900 similiter
493 836 552 900 hoo
574 836 660 916 loco,
691 843 788 901 utrum
812 836 970 903 honesturn
993 839 1047 919 sit,
1079 857 1118 905 au
1146 839 1231 919 utile,

125 950 258 1016 nonnulli
283 951 496 1032 requirendum
518 956 629 1034 putant.

214 1063 243 1130 9.
287 1064 351 1129 Νοε
374 1072 472 1128 autem
495 1083 666 1145 moremur,
698 1085 737 1129 ne
767 1066 842 1130 haec
872 1067 950 1153 inter
978 1085 1014 1131 εε
1043 1065 1127 1131 velut
1149 1085 1230 1131 eon-

125 1178 286 1263 pugnantia
321 1178 464 1242 inducere
498 1178 671 1257 videamur,
710 1196 787 1259 quae
821 1180 877 1242 iam
910 1197 1000 1262 supra
1033 1198 1126 1243 uuum
1158 1197 1229 1245 esse

125 1292 327 1371 ostendimus,
359 1311 416 1355 nec
439 1292 597 1355 honestum
621 1310 690 1355 esse
713 1309 823 1373 posse,
854 1293 911 1356 nisi
938 1293 1018 1375 quod
1047 1295 1120 1358 utile
1128 1315 1138 1372 ;
1170 1313 1229 1358 nec

125 1406 206 1486 utile,
230 1407 287 1469 nisi
309 1405 390 1486 quod
406 1404 574 1483 honestum,
597 1405 665 1484 quia
681 1421 742 1466 non
758 1404 911 1484 sequimur
926 1406 1101 1488 sapientiam
1117 1407 1228 1486 carnis,

126 1517 204 1601 apud
228 1538 313 1600 quam
337 1519 446 1581 utilitas
469 1518 659 1600 pecuniariae
682 1519 766 1581 istius
798 1518 1013 1583 commoditatis
1043 1519 1138 1603 pluris
1168 1520 1227 1582 ha-

124 1633 220 1710 betur,
243 1631 297 1694 sed
321 1632 512 1713 sapientiam,
536 1649 612 1711 quae
636 1650 676 1693 ex
699 1631 757 1695 deo
783 1638 838 1710 est,
862 1632 940 1713 apud
963 1649 1049 1712 quam
1073 1649 1125 1712 ea,
1150 1650 1228 1713 quae

125 1746 154 1808 in
178 1746 237 1808 hoo
260 1747 383 1809 saeculo
406 1764 512 1828 magna
535 1747 737 1825 aestimantur,
760 1764 816 1827 pro
840 1745 1017 1809 detrimento
1040 1745 1198 1809 habentur.

215 1859 263 1924 to.
301 1859 366 1923 Hoc
385 1860 493 1922 etenim
508 1845 713 1944 κατόρθωμα,
736 1860 817 1940 quod
832 1858 998 1941 perlectum
1014 1864 1044 1922 et
1059 1860 1226 1925 absolutum

125 1975 256 2039 cilicium
279 1981 336 2052 est,
360 1993 377 2036 a
401 1990 475 2036 vero
498 1973 613 2036 virtutis
637 1973 720 2036 fonte
742 1973 948 2055 proficiscitur.
987 1971 1041 2036 Cui
1062 1973 1225 2038 secuudum

124 2095 171 2153 est
201 2105 357 2152 commune
388 2085 542 2165 officium,
570 2086 650 2167 quod
680 2087 745 2168 ipso
777 2103 920 2150 sermone
950 2088 1134 2172 significatur
1164 2106 1225 2155 non

124 2224 194 2269 esse
218 2202 329 2267 arduae
351 2203 468 2266 uirtutis
491 2221 527 2265 ac
549 2202 724 2286 singularis,
755 2203 835 2283 quod
864 2209 965 2285 potest
993 2202 1129 2284 plurimis
1156 2219 1225 2265 essa

125 2335 289 2382 commune.
334 2314 408 2378 Nam
431 2316 577 2398 pecuniae
601 2312 766 2397 conpendia
791 2322 913 2397 captare
942 2316 1085 2381 familiare
1115 2315 1223 2394 multis,

125 2430 302 2514 elegantiori
334 2429 473 2493 convivio
504 2437 534 2493 et
564 2429 753 2493 suavioribus
786 2427 928 2492 delectari
959 2429 1055 2510 epulis
1086 2430 1225 2493 usitatum

125 2551 190 2621 est;
225 2544 358 2633 ieiunare
390 2550 489 2607 autem
522 2548 552 2604 ει
585 2543 783 2605 continentem
818 2559 888 2606 esse
922 2560 1086 2623 paucorum
1119 2548 1168 2605 εει
1197 2548 1225 2605 ει

124 2656 212 2719 alieni
235 2626 372 2777 cupidum
396 2674 456 2719 non
481 2672 559 2733 esse,
583 2673 699 2731 rarum3
722 2661 826 2717 contra
849 2660 947 2717 autem
969 2654 1129 2719 detrahere
1146 2654 1226 2719 vella

124 2758 248 2831 alteri
219 2734 319 2866 ,daun
343 2786 413 2831 esse
436 2773 606 2831 contentum
627 2785 702 2843 suo;
733 2786 800 2830 nam
827 2768 857 2830 in
886 2767 945 2831 hoc
974 2787 1040 2836 cum
1070 2769 1225 2852 plerisque

124 2882 308 2945 consortium
331 2888 386 2944 est.
431 2880 496 2945 Alia
520 2881 611 2964 igitar
633 2881 744 2962 prima,
777 2879 833 2943 alia
856 2879 954 2945 media
977 2880 1084 2947 officia
1130 2882 1225 2968 Prima

19 3046 21 3053 ,
123 3010 190 3056 cum
213 2994 326 3075 paucis,
349 2991 445 3055 media
468 3011 535 3056 cum
557 2993 700 3074 pluribus.

214 3102 262 3168 ll.
309 3104 444 3185 Denique
474 3106 504 3167 in
535 3105 629 3168 isdem
657 3106 758 3169 verbis
790 3105 965 3188 frequenter
996 3105 1140 3172 discretio
1170 3116 1223 3173 est

123 3217 218 3282 Aliter
241 3219 318 3281 enim
338 3217 448 3280 bonum
465 3218 553 3280 deum
569 3217 702 3297 dicimus,
725 3218 810 3281 aliter
825 3219 973 3284 hominem
982 3242 991 3299 ;
1015 3221 1102 3285 aliter
1117 3223 1224 3286 iustum

122 3329 209 3394 deum
233 3329 424 3412 appellamus,
448 3329 534 3392 aliter
556 3330 713 3394 hominem.
753 3331 893 3395 Similiter
908 3338 939 3395 et
953 3335 1120 3416 sapientem
1136 3336 1223 3400 deun

122 3443 207 3506 aliter
223 3442 355 3523 dicimus,
371 3443 458 3508 aliter
471 3444 632 3524 hominem,
656 3442 737 3526 quod
753 3445 828 3508 etin
845 3446 1003 3530 evangelio
1020 3447 1223 3537 docemprrl)

120 3555 228 3619 Estote
251 3576 326 3639 erpo
350 3567 380 3621 et
402 3577 460 3621 eoa
481 3557 634 3637 perfecti,
668 3559 751 3622 sicat
779 3569 809 3623 ct
831 3569 925 3639 poter
954 3569 1073 3640 ecater,
1107 3556 1164 3644 'pai
1192 3564 1224 3625 ia

122 3669 217 3732 caelia
239 3678 303 3748 cst,
333 3669 493 3750 perfectae
523 3679 577 3734 est.
623 3670 720 3752 lpsum
743 3671 864 3735 Paulum
894 3675 966 3758 lego
996 3674 1166 3756 perlectum
1196 3683 1225 3740 et

120 3799 182 3845 uon
201 3781 375 3864 perlectum.
419 3783 493 3846 Nam
522 3801 589 3847 cum
620 3784 760 3848 dixisset:
779 3782 812 3869 ²)
842 3785 914 3849 Noa
936 3789 1022 3868 qaod
1044 3788 1110 3853 iam
1133 3809 1223 3854 acce·

116 3895 231 3974 parim,
256 3905 313 3959 eat
334 3894 397 3957 iam
416 3895 578 3981 perfector
599 3899 676 3974 aim;
698 3910 954 3981 sequacitatem,
976 3905 1007 3966 ri
1027 3906 1223 3986 compactor,

194 4132 220 4196 ι)
238 4133 325 4188 maan.
346 4137 372 4203 ε,
389 4136 432 4191 ro.
504 4139 535 4208 a)
552 4138 615 4197 rur.
635 4141 663 4208 a
683 4141 724 4195 12.
