2692 4666
212 331 276 392 300
632 327 886 380 annotationes

209 487 277 552 stud,
295 504 382 558 pedor.
401 491 516 541 omnium
535 498 559 540 et
578 486 618 537 ttb
637 462 814 554 seditionesque
833 488 887 539 (oi.
907 505 936 539 ac
957 487 1022 538 bird.
1059 487 1123 539 Dein
1143 492 1303 558 serpentium

193 575 242 626 'W
261 585 286 627 et
307 576 419 628 Menace.
465 576 490 626 6.
516 577 656 646 supieeieti
680 579 840 644 suppedibus
859 575 898 624 W.
943 576 967 627 7.
991 579 1120 630 uniuersa
1138 573 1179 626 W.
1200 574 1255 625 biae
1279 576 1304 625 et

116 667 117 672 ’
209 660 263 726 ae,
287 672 360 728 unte,
379 679 431 716 non
448 672 507 732 post
525 664 548 713 b.
568 679 593 714 v.
613 662 803 730 distinguentes.
840 663 863 713 8.
884 667 1003 717 subiecto
1022 666 1111 717 misnia
1128 678 1191 717 eece
1208 665 1304 716 bosnini

211 749 241 798 W
261 759 287 801 et
307 751 376 816 Mae,
402 755 472 805 subi.
489 755 556 804 tom
576 766 637 804 csse
655 768 723 805 omn.
743 749 799 814 bib,
822 753 890 803 sicii.
910 768 971 804 csse
989 756 1055 803 bom.
1075 766 1142 802 omn.
1163 751 1209 812 (ita
1229 751 1302 800 etiem

211 837 264 905 big)
283 840 433 892 didicerunt
444 838 486 890 bii.
517 842 612 892 Ouinio
630 854 680 890 om.
696 836 759 888 Med.
790 835 838 888 Pro
858 847 964 892 cessent
982 841 1006 888 in
1020 837 1054 888 aa
1073 838 1174 904 irrepsit
1192 848 1303 891 cessent.

281 928 305 1001 §3
328 926 391 991 134,
409 927 435 979 2.
460 927 561 996 Mopsi]
586 926 639 977 Hac
662 926 767 995 genitivi
792 924 872 976 forme
896 927 973 976 utitur
991 925 1084 977 Noster
1102 927 1177 976 ctiam
1195 923 1254 975 inis.
1275 923 1303 972 11.

213 1012 253 1064 11.
280 1016 304 1073 S·
325 1015 367 1078 57,
386 1014 410 1063 d.
430 1020 456 1064 et
473 1013 515 1064 20.
541 1017 565 1079 §.
586 1013 635 1077 98,
654 1014 678 1065 2.
716 1012 779 1064 Dein
801 1017 968 1084 repperimus
994 1013 1113 1064 exhibent
1131 1012 1170 1061 W.
1192 1001 1261 1062 Muci
1280 1019 1305 1061 ct

210 1097 247 1150 Bc
265 1101 425 1171 conspirante
444 1100 485 1152 ed.
505 1099 570 1152 bied.
608 1099 687 1151 Deest
705 1100 755 1152 hoc
774 1101 879 1152 verbnm
897 1101 922 1151 in
942 1099 984 1151 aa.

317 1205 343 1257 P.
362 1207 403 1257 78.

284 1296 306 1344 1.
330 1297 458 1347 neminem
482 1311 542 1348 esse
562 1297 649 1347 sotum
669 1287 765 1344 Bac‘et
784 1294 871 1361 bibeig
889 1293 1000 1363 editiqoe
1020 1293 1072 1346 Col.
1093 1311 1122 1344 uc
1144 1293 1225 1355 ned,
1253 1299 1302 1348 bo·

211 1385 306 1435 sniucm
325 1386 375 1436 soi.
394 1399 455 1435 csse
472 1382 504 1433 W
523 1392 548 1433 et
568 1382 648 1434 biacd.
685 1382 743 1434 btox
766 1387 881 1436 simitum
898 1381 945 1447 W,
973 1391 1032 1433 ante
1051 1383 1073 1432 h.
1093 1398 1116 1433 v.
1137 1382 1301 1450 distinguens.

212 1469 247 1519 lta
266 1486 304 1537 pr.
323 1467 459 1520 exhibebat
477 1472 552 1521 etism
564 1469 612 1522 bie.
643 1464 674 1521 ⁴5.
693 1474 793 1525 domini
811 1474 938 1534 (dominis
951 1469 1000 1538 oc)
1018 1486 1065 1538 pro
1081 1474 1157 1524 ieme
1174 1498 1201 1509 -
1217 1471 1304 1523 baberi

211 1551 256 1604 Ba.
293 1555 350 1606 iios
373 1559 533 1611 ostimuiiius
556 1574 603 1624 pro
628 1561 807 1612 adiuuantibus
825 1574 848 1610 c.
869 1557 938 1667 “Me
946 1554 1001 1637 Coi.
1020 1555 1087 1608 Med.
1105 1564 1182 1624 utque
1201 1554 1301 1606 Amerb.

962 1639 998 1666 ses

211 1677 271 1727 dant
289 1677 365 1729 codd.
384 1693 471 1729 omnes
489 1680 603 1746 exceptis
617 1676 654 1729 Bb
672 1687 699 1730 et
711 1679 760 1730 bid.
795 1680 820 1731 7.
839 1639 961 1733 artimoim
972 1681 1060 1734 sentis
1079 1676 1117 1730 bia
1136 1677 1182 1746 igi.
1195 1680 1302 1739 numini,

210 1778 285 1829 qnam
303 1762 358 1815 cett.
378 1763 489 1815 bonaco.
511 1767 537 1816 in
557 1773 677 1839 contextu
695 1765 837 1824 hebent,'a
857 1781 877 1816 r.
898 1781 929 1816 nr.
949 1767 1087 1833 superscr.)
1123 1763 1188 1816 Dein
1209 1774 1239 1818 ut
1257 1780 1301 1813 er·

210 1852 271 1900 cidit
288 1851 314 1902 io
333 1850 415 1904 bibcd.
453 1851 513 1903 Post
533 1857 649 1907 tunium
672 1853 712 1906 ed.
735 1853 800 1905 bied.
819 1853 888 1904 addit
906 1856 1022 1918 sinaitis,
1050 1853 1118 1921 quod
1139 1852 1261 1904 Pistorius
1278 1853 1301 1901 in

211 1955 261 2006 mg.
282 1941 378 1991 reiecit.
415 1939 472 1991 bion
490 1950 531 1994 est
548 1944 672 1995 invenus
691 1941 803 1992 scribunt
821 1941 883 1992 Med.
920 1939 998 1992 iidem
1024 1941 1083 1993 iibri
1108 1941 1231 2007 deinceps
1252 1941 1301 1991 cd-

209 2029 339 2081 interium
356 2042 403 2094 pro
421 2029 535 2080 adiutor.
573 2025 633 2077 Turn
652 2030 835 2094 eaepcctciitur
853 2026 900 2077 Bo.

281 2117 304 2179 §.
326 2113 436 2179 135,1.
460 2118 502 2168 dci
525 2130 575 2165 om.
597 2112 641 2165 Bb.
680 2116 704 2166 2.
729 2118 834 2168 cicuitio
857 2130 918 2168 esse
943 2115 1045 2178 inverso
1071 2114 1159 2164 ordine
1183 2111 1302 2163 exhibent

212 2199 275 2251 Beth.
312 2203 388 2253 4-5.
408 2204 450 2256 uei
465 2206 579 2271 periculi
597 2205 642 2268 tite
661 2218 714 2269 pn,
740 2218 771 2254 ex
790 2211 876 2254 motat.
896 2222 911 2256 c
930 2219 976 2270 pro
995 2205 1018 2269 i)
1034 2205 1164 2272 peccunia
1183 2203 1246 2266 (sic)
1265 2199 1301 2248 W.

212 2307 288 2359 5-6.
307 2317 436 2376 carpentur
452 2310 589 2361 societatis
607 2310 694 2377 pratia
711 2305 753 2358 Ba.
786 2307 912 2374 Deinceps
928 2284 971 2360 ιιισ
984 2306 1024 2371 W,
1043 2325 1075 2361 ue
1088 2306 1202 2358 Menace.
1217 2321 1302 2356 omnes

212 2402 238 2447 et
257 2393 318 2447 noc.
355 2393 420 2446 bisie
439 2397 576 2464 quicquum
595 2393 645 2463 ttg.
691 2396 715 2446 7.
734 2405 875 2449 reuocatus·
893 2393 937 2447 Bn.
974 2393 1042 2446 idern
1063 2394 1129 2445 tiber
1151 2395 1301 2447 sedunensis

212 2499 262 2534 om.
300 2479 418 2534 Ceterum
438 2481 505 2534 coni.
526 2486 580 2537 Cic.
600 2484 632 2535 de
650 2484 692 2536 od.
710 2481 728 2535 1.
748 2484 771 2535 9.
794 2484 818 2549 §.
839 2483 880 2536 30.
922 2483 946 2533 8.
965 2485 1046 2550 patra]
1071 2480 1106 2546 (εἲ
1125 2482 1151 2532 in
1175 2487 1239 2541 rus.)
1264 2479 1300 2529 bis

211 2571 369 2637 eandemque
396 2569 530 2621 lectionem
557 2569 651 2622 babent
676 2573 753 2623 ceteri
779 2571 853 2623 codd.
879 2571 1008 2633 bionncn,
1036 2568 1185 2638 quibuscum
1210 2568 1302 2618 iaciunt

212 2661 271 2710 edd.
292 2657 397 2711 Amcrb.
416 2656 514 2710 Eresos.
534 2667 560 2710 et
578 2658 651 2712 Rom.
688 2659 791 2727 Legitur
809 2656 908 2726 quidem
932 2674 987 2724 esp.
1007 2673 1060 2726 seq.
1081 2659 1106 2722 §.
1128 2655 1186 2706 139.
1206 2659 1235 2707 iu
1251 2674 1300 2723 po-

209 2749 301 2816 putum
318 2729 424 2812 pnicum
443 2753 469 2797 et
486 2746 562 2813 punio
581 2754 639 2814 post
654 2749 753 2815 plebem
764 2755 880 2815 pascum
911 2745 1089 2796 Verumtamen
1102 2743 1179 2795 lectio
1191 2745 1299 2809 patrius,

211 2842 298 2899 utpote
322 2833 468 2885 confirmata
493 2833 623 2885 codicibus
648 2833 680 2883 W
706 2841 732 2884 et
756 2831 825 2884 Bnbc
850 2832 974 2900 editisque
999 2831 1068 2883 libris
1092 2828 1147 2882 cot.
1172 2845 1203 2880 ac
1230 2829 1301 2889 bled,

211 2919 360 2986 quibuscum
386 2922 545 2972 consentiunt
569 2920 636 2973 Cost.
656 2920 745 2972 Pistor.
770 2929 796 2972 et
813 2920 910 2985 binum,
935 2918 1090 2975 immutanda
1117 2933 1168 2968 non
1194 2917 1301 2969 videtur.

211 3008 235 3058 9.
259 3024 311 3060 uon
332 3010 485 3073 somniduuit
502 3005 549 3058 bb.
584 3007 646 3058 Post
672 3024 742 3081 voco.
766 3013 839 3078 repis
861 3009 1041 3076 potentissimi
1061 3003 1096 3056 ba
1121 3004 1227 3056 exhibet
1250 3019 1301 3055 nost

210 3095 393 3160 reformidavit
410 3104 455 3147 cut
473 3097 618 3161 trepidauit.
650 3093 675 3146 ln
690 3096 730 3147 11η.
751 3100 844 3150 obiecit
863 3111 921 3147 mss.
935 3095 1016 3146 nostri
1032 3109 1132 3159 omnes,
1150 3093 1172 3145 si
1191 3093 1300 3158 excipies

211 3181 278 3246 butt,
303 3181 345 3250 qui
364 3196 387 3235 c.
405 3181 482 3233 editis
501 3181 596 3234 babent
616 3187 723 3248 abiecit,
747 3184 815 3252 quod
834 3190 955 3251 praestat.
990 3180 1052 3233 Tun
1069 3198 1149 3234 suasa
1166 3195 1217 3231 om.
1235 3178 1299 3230 iicd.

210 3268 269 3320 btox
294 3271 440 3324 lituratum
465 3271 585 3323 redderet
612 3270 671 3321 dant
699 3269 775 3321 codd.
800 3278 953 3337 veteresque
982 3266 1040 3319 edd.
1068 3282 1091 3318 c.
1116 3264 1214 3318 Erasm
1251 3264 1300 3316 Sed

210 3355 379 3424 praeferendo
398 3355 509 3424 vulgatu.
1200 3383 1203 3389 -

282 3447 306 3508 5.
322 3443 418 3508 136,1.
437 3448 561 3512 spteudor
578 3447 702 3498 iuddciae
721 3443 831 3512 bibcdig.
870 3444 908 3496 De
927 3460 955 3497 rs
973 3444 1025 3496 vid.
1045 3446 1103 3499 Cic.
1123 3442 1157 3493 de
1175 3440 1219 3492 ob'.
1239 3439 1258 3490 t
1277 3439 1300 3488 7.

210 3535 234 3598 §.
255 3533 297 3584 20.
343 3533 367 3583 2.
395 3531 442 3583 Pro
467 3551 543 3601 quum
567 3535 620 3585 siti
638 3541 756 3598 corrupte
775 3540 828 3602 quu'
844 3536 871 3586 si
889 3531 934 3583 Bo.
971 3530 1092 3600 Respexit
1109 3529 1203 3582 Noster
1222 3530 1299 3582 Cice-

209 3637 300 3674 ronem
318 3620 352 3671 de
370 3636 398 3672 re
417 3620 486 3687 pubi.
504 3620 548 3673 111.
567 3621 591 3672 8.
611 3629 731 3673 monente
749 3624 779 3676 Α.
798 3624 876 3676 Maio.
913 3619 979 3671 Dein
998 3623 1198 3674 communitatem
1216 3617 1266 3684 ng.

280 3710 305 3775 §.
328 3710 386 3774 137,
406 3709 429 3761 1.
449 3712 539 3780 cupiet
557 3726 594 3777 pr.
615 3709 661 3761 bb.
697 3710 722 3762 2.
740 3709 871 3776 consitis]
889 3707 944 3758 Vid.
967 3711 1022 3762 Oic.
1042 3709 1075 3759 de
1095 3706 1138 3757 off.
1156 3705 1175 3756 1.
1196 3705 1222 3755 7.
1242 3721 1264 3755 c.
1277 3703 1300 3757 ,1.

210 3807 236 3849 et
253 3798 279 3849 8.
324 3798 348 3849 3.
367 3814 494 3866 apperure
511 3795 581 3848 bisei
597 3804 624 3849 et
642 3796 708 3861 Bac,
738 3797 848 3864 itemque
874 3796 932 3848 edd.
953 3794 1089 3848 biaorinum
1108 3793 1300 3854 antecedentes,

210 3902 332 3954 apparere
350 3884 391 3949 W,
411 3902 553 3955 upprcpurc
571 3881 609 3934 bb
628 3893 654 3934 et
672 3883 763 3951 nbeog
779 3882 989 3950 adstipulantibus
1003 3883 1119 3935 biaurinis
1138 3890 1165 3933 et
1178 3879 1298 3932 Giiberto.

209 3989 282 4042 Coni.
305 3990 390 4042 adnot.
410 3990 441 4041 ad
461 3988 479 4042 1.
498 3989 540 4041 19,
565 3992 588 4054 §.
608 3989 667 4040 242.
693 4005 718 4056 p.
738 3988 798 4054 116,
819 3988 843 4040 1.
888 3988 913 4038 1.
935 3959 957 3992 ⁶⁸
974 3999 1111 4058 proestare
1137 3987 1175 4055 [et
1196 4003 1210 4038 a
1229 4002 1249 4037 r.
1269 4002 1299 4035 m.

209 4081 350 4147 superscr.)
369 4079 418 4143 tte,
439 4081 517 4131 ceteri
538 4079 650 4130 dionaeo.
670 4088 695 4132 et
712 4078 737 4129 in
756 4077 845 4130 ordine
864 4076 966 4130 babent.
997 4077 1027 4154 Δ5.
1046 4077 1247 4144 beneficientiam
1266 4070 1299 4122 Ba

209 4175 235 4216 et
254 4183 286 4217 ex
301 4174 391 4219 mutat.
407 4164 451 4217 oh.
483 4167 543 4218 Tum
565 4183 727 4233 cestrensem,
747 4173 774 4216 ot
791 4165 866 4247 solet,
887 4165 935 4234 bip.
968 4164 1032 4217 Dein
1046 4166 1192 4217 amittimus
1206 4162 1299 4229 optime
