2692 4666
171 331 233 397 122
313 330 338 384 S.
357 329 511 387 tutnostt
528 328 575 385 DE
594 330 731 386 oltricus
751 331 974 388 tttntst'nontnt
991 330 1088 388 ttautt
1105 335 1124 388 1.

170 492 300 557 stodiant
312 501 344 558 et
357 493 387 556 in
404 492 496 557 corde
515 511 570 557 suo
590 492 754 573 conferant,
778 494 854 557 sicut
875 493 1049 558 conferebat
1065 503 1095 558 ct
1110 496 1219 574 Maria3
1235 493 1263 580 ¹)

168 609 218 688 qui
240 625 313 672 suos
336 612 475 690 parentes
498 605 598 668 officio
621 624 676 669 suo
700 624 760 670 non
782 606 922 669 noverint
943 605 1181 688 praeferendos,
1212 608 1262 688 qui

167 724 329 788 violatores
353 721 482 786 'oderint
515 723 673 801 castitatis,
710 721 868 803 pudicitiae
901 722 1081 784 ulciscantur
1114 722 1262 801 iniuriam,

166 838 305 902 noverint
338 835 503 899 officiorum
537 843 688 917 tempora,
720 835 800 916 quod
833 838 942 917 maius,
976 835 1056 916 quod
1090 838 1188 899 minus
1214 838 1262 916 sit,

169 951 249 1033 quod
272 951 320 1013 cui
343 957 442 1033 aptum
464 952 590 1031 tempori
614 956 675 1030 cst,
704 956 734 1013 et
755 957 787 1013 ut
808 950 837 1012 id
861 951 955 1015 sotum
978 958 1156 1032 sequantur,
1181 951 1264 1032 quod

166 1066 324 1130 honestum
347 1071 411 1141 est;
445 1081 519 1126 sane
541 1064 591 1125 ubi
614 1062 673 1125 duo
697 1064 838 1142 honesta,
866 1064 896 1126 id
919 1062 999 1143 quod
1028 1065 1183 1128 honestius
1206 1071 1262 1145 est,

166 1178 409 1262 praeponendum
432 1185 552 1261 putent:
575 1178 605 1240 hi
627 1179 692 1241 iure
715 1178 872 1240 benedicti.

254 1290 327 1359 259.
373 1293 403 1359 si
426 1292 491 1374 quis
515 1309 591 1373 ergo
614 1289 782 1353 manifestet
804 1291 928 1354 iustitias
952 1292 1011 1369 dei,
1033 1291 1188 1353 incensum
1211 1292 1262 1353 in-

166 1413 271 1489 ponat:
288 1402 320 1489 ²)
350 1405 495 1482 Romatio,
527 1405 661 1480 domine,
685 1403 829 1465 virtatem
851 1405 962 1484 ipsius,
995 1424 1093 1483 opero
1116 1425 1262 1467 munuum

165 1521 234 1584 etas
262 1519 405 1598 suscipe,
439 1525 472 1580 ut
499 1518 624 1600 gratiani
653 1518 846 1598 propheticae
877 1517 1093 1582 benedictionis
1125 1520 1261 1582 inveniat

165 1633 244 1717 apud
267 1652 348 1713 eum,
371 1634 422 1714 qui
444 1630 517 1695 vivit
539 1638 569 1694 et
589 1638 696 1714 regnat
718 1632 746 1692 in
771 1632 889 1695 saecula
912 1633 1119 1712 saeculorum,
1152 1632 1261 1697 Amen.

238 1876 266 1946 t)
284 1875 344 1928 uuo.
363 1876 389 1943 a,
409 1875 449 1928 19.
520 1875 549 1944 a)
568 1874 643 1926 ucat.
662 1872 705 1940 ea,
727 1872 765 1926 n.
