2692 4666
155 333 217 399 102
601 331 627 387 8.
647 330 801 388 naanosn

155 498 329 576 occupatum
351 491 505 557 incursare
527 510 587 556 non
611 493 695 573 ausi,
718 500 787 575 post
811 509 911 556 casum
932 493 1047 559 mentis
1068 496 1185 561 bestiae
1206 496 1252 562 sio

154 604 391 688 trepidaverunt,
414 612 446 668 ut
467 606 587 687 inpares
610 624 645 668 se
670 623 773 668 omnes
797 605 883 668 unius
906 604 1006 672 virtuti
1028 601 1252 675 arbitrarentur.

155 720 291 800 Denique
317 738 374 781 rex
395 720 561 784 Antiochus
584 721 693 804 Lysiae
716 719 809 799 lilius,
843 720 894 801 qui
916 739 984 784 cum
1007 732 1124 788 centum
1146 726 1253 810 viginti

155 833 269 896 milibus
303 833 452 897 homiuum
491 841 620 897 armatus
657 840 782 897 venerat
815 839 844 896 et
877 852 944 897 cum
977 836 1097 920 triginta
1133 839 1253 904 duobus

157 947 339 1029 elephantis,
372 948 411 1009 ita
442 957 476 1012 ut
500 950 536 1012 ab
567 956 634 1012 ortu
667 949 740 1012 solis
772 967 827 1031 per
859 949 992 1033 singulas
1024 952 1136 1017 bestias
1170 955 1254 1018 velut

156 1069 272 1125 montes
290 1062 407 1144 quidam
429 1082 576 1127 armorum
599 1081 743 1143 corusco,
767 1069 913 1144 tamquam
934 1063 1116 1146 lampadibus
1138 1068 1253 1133 arden-

157 1178 253 1257 tibus,
283 1176 485 1261 refulgerent,
516 1180 603 1242 unius
635 1179 755 1242 territus
785 1177 958 1242 fortitudine
988 1199 1092 1263 pacem
1123 1186 1253 1268 rogavit.

157 1293 258 1373 ltaque
282 1293 442 1356 Eleazarus
472 1265 615 1358 heredem
646 1293 762 1358 virtutis
792 1312 866 1357 suae
887 1313 992 1376 pacem
1020 1296 1147 1378 reliquit.
1193 1297 1254 1364 Sed

157 1407 232 1469 haec
255 1407 468 1489 triumphorum
491 1410 556 1472 sint.

557 1679 728 1748 CAPUT
763 1681 852 1747 XLI.

160 1844 271 1898 laudata
296 1845 375 1898 Iudae
400 1863 430 1898 ac
456 1845 578 1899 louatbae
601 1846 773 1916 magnitudine
797 1846 889 1911 animi,
915 1851 1052 1912 martyrum
1072 1844 1100 1899 in
1119 1841 1257 1901 mimda

185 1936 340 2002 constantia,
360 1951 425 2003 quae
444 1951 502 2002 pars
521 1944 630 1987 estnon
651 1937 752 1986 minima
770 1933 940 2000 tortitudinis,
960 1931 994 1984 ob
1012 1929 1103 1987 oeulos
1120 1932 1232 2001 pedm·

250 2095 322 2160 200.
366 2097 477 2160 Verum
510 2097 578 2178 quia
603 2095 747 2160 fortitudo
770 2112 830 2158 non
858 2095 955 2158 solum
985 2088 1125 2156 secundis
1154 2091 1257 2171 rebus,

163 2209 217 2271 sed
241 2212 327 2273 etiam
350 2209 484 2273 adversis
507 2211 669 2292 probatur,
696 2214 864 2290 spectemus
887 2206 976 2269 ludae
997 2204 1166 2269 Maccabaei
1188 2205 1257 2267 eni-

162 2329 232 2386 tum.
253 2320 281 2406 ¹)
311 2323 338 2386 Is
369 2324 446 2386 enim
476 2330 545 2406 post
575 2326 685 2387 victum
708 2324 902 2404 Nicanorem,
929 2322 1011 2407 regis
1033 2319 1176 2383 Demetrii
1199 2318 1259 2381 du-

164 2454 246 2514 cem,
278 2436 414 2498 securior
448 2436 592 2498 adversus
625 2435 730 2517 viginti
763 2432 841 2497 milia
874 2435 1025 2500 exercitus
1057 2434 1158 2518 regis,
1192 2451 1260 2496 cum

164 2550 324 2632 nongentis
357 2549 430 2612 viris
465 2550 574 2613 bellum
608 2550 734 2612 adorsus
770 2548 936 2610 volentibus
970 2549 1017 2613 bis
1054 2545 1179 2626 cedere,
1220 2562 1261 2609 ne

164 2663 346 2726 multitudine
380 2663 636 2746 opprimerentur,
672 2661 834 2743 gloriosam
866 2660 960 2742 magis
993 2666 1135 2739 mortem,
1173 2676 1262 2739 quam

165 2785 280 2859 turpem
309 2776 409 2860 lugam
438 2778 543 2839 suasit:
576 2776 621 2837 Nc
648 2777 780 2852 crimea,
811 2775 922 2856 inquit,
938 2771 971 2859 ²)
1002 2781 1130 2838 nostrae
1159 2772 1261 2835 relies·

167 2910 296 2972 cccmus
317 2891 449 2970 pieriae.
494 2890 596 2971 ltaque
619 2891 778 2953 commisso
801 2889 917 2971 proelio
942 2907 1008 2953 cum
1034 2908 1050 2952 a
1077 2886 1173 2970 primo
1194 2893 1264 2950 ortu

169 3005 226 3067 diei
248 3006 278 3067 in
300 3023 457 3087 vesperam
480 3005 684 3085 dimicaretur,
712 3004 848 3068 dextrum
871 3021 981 3084 cornu,
1004 3003 1115 3085 inquo
1138 3001 1263 3065 validis·

169 3121 272 3183 simam
296 3138 413 3182 manum
436 3120 561 3183 advertit
583 3121 728 3200 hostium,
751 3120 913 3204 adgressus
936 3120 1024 3184 facile
1043 3119 1158 3182 avertit
1203 3115 1265 3184 Sed

170 3234 237 3297 dum
269 3233 419 3317 fugientes
448 3237 596 3317 sequitur,
626 3243 753 3320 atergo
782 3236 895 3299 vulneri
918 3235 1016 3298 locum
1038 3232 1192 3316 praebuit3
1223 3231 1266 3295 ita

170 3350 381 3433 gloriosiorem
403 3349 558 3430 triumphis
580 3348 677 3412 locum
701 3348 804 3411 mortis
826 3349 947 3412 invenit.

259 3459 330 3527 201.
387 3462 463 3536 Ouid
496 3463 637 3527 lonathan
670 3462 791 3527 fratrem
824 3465 887 3527 eius
922 3466 1077 3540 attentam,
1115 3458 1166 3541 qui
1198 3475 1266 3522 cum

173 3598 264 3662 parva
293 3596 380 3639 manu
411 3577 556 3638 adversus
585 3576 735 3638 exercitus
765 3576 867 3658 regios
898 3591 1053 3658 pugnans,
1088 3572 1269 3637 desertura

173 3694 235 3756 suis
259 3699 376 3755 etcum
400 3690 516 3753 duobus
543 3696 653 3752 tantum
683 3690 803 3753 relictus
831 3691 980 3773 reparavit
1004 3687 1130 3767 bellum,
1160 3686 1268 3750 avertit

173 3806 304 3886 hostem,
329 3806 488 3888 fugitantes
510 3820 581 3866 suos
605 3801 641 3865 ad
665 3803 838 3866 soclelatem
859 3801 1011 3865 revocavit
1037 3799 1201 3881 triumphi?

264 3918 335 3984 202.
380 3918 477 3983 Habes
501 3915 701 3981 fortitudinem
722 3917 873 3996 bellicam,
898 3916 928 3978 in
947 3935 1005 3998 qua
1024 3934 1086 3980 non
1107 3913 1268 3982 mediocris

249 4162 275 4229 1)
296 4163 319 4216 1.
337 4161 450 4216 blaccab.
467 4160 493 4230 9,
512 4160 529 4214 8
547 4176 617 4233 seqq.
688 4162 718 4233 2)
731 4159 795 4217 Ibid.
810 4175 834 4215 v.
855 4159 895 4216 10.
