2692 4666
170 313 213 380 aa
543 329 547 340 ·
615 309 641 365 s.
659 308 813 366 auuuosu

166 530 169 535 .
256 471 306 539 79.
350 474 487 556 Denique
509 475 536 538 si
559 491 630 537 casu
651 474 821 556 aperiantur
842 474 900 536 hae
921 478 1037 555 partes,
1069 472 1258 538 confunditur

169 589 366 667 verecundia;
400 589 426 651 si
448 585 562 666 studio,
592 586 763 668 inpudentia
786 586 963 650 aestimatur.
1008 584 1091 650 Unde
1122 593 1152 648 et
1182 586 1257 649 illius

169 701 395 787 Noeouam1)
426 702 566 766 ollensam
595 702 711 780 retulit,
744 702 811 782 quia
841 701 981 764 nudatum
1011 700 1115 764 videns
1144 707 1258 782 patrem

169 819 249 882 risit:
283 820 332 901 qui
355 825 452 881 autem
475 823 656 899 operuerunt
677 822 808 897 patrem,
840 822 1020 899 acceperunt
1041 814 1257 879 benedictionis

169 935 301 1018 gratiam.
346 933 393 995 Ex
415 949 474 1012 quo
497 949 562 995 mos
585 937 669 994 vetus
694 931 776 993 etin
800 931 873 993 urbe
889 930 1035 996 Romaet
1056 931 1087 993 in
1106 930 1258 1011 plerisque

170 1048 333 1110 civitatibus
357 1047 419 1126 luit,
443 1054 474 1111 ut
494 1047 545 1110 lilii
566 1049 695 1129 puberes
720 1065 784 1109 curn
802 1047 983 1128 parentibus,
1006 1046 1056 1109 vel
1071 1045 1176 1129 generi
1192 1062 1258 1106 cum

170 1163 284 1226 soceris
307 1181 367 1225 non
386 1162 529 1241 lavarent,
552 1180 589 1223 ne
605 1169 746 1244 paternae
760 1161 948 1223 reverentiae
964 1159 1124 1222 auctoritas
1140 1159 1258 1221 minue-

171 1285 262 1357 retur,
284 1276 354 1338 licet
375 1275 510 1357 plerique
532 1291 567 1337 se
591 1281 621 1336 et
639 1274 670 1336 iu
684 1273 813 1353 lavacro,
836 1279 974 1354 quantum
990 1277 1124 1352 possunt,
1147 1276 1258 1352 tegant,

170 1387 377 1465 revellitis,
408 1387 457 1449 ubi
479 1385 588 1448 nudum
611 1390 704 1448 toturn
726 1391 772 1447 est
797 1402 923 1466 corpus,
953 1383 1120 1448 huiusmodi
1150 1385 1258 1447 intecta

170 1502 267 1586 portio
290 1502 336 1564 sit,

256 1611 308 1678 80.
354 1612 531 1680 Sacerdotes
566 1631 686 1694 quoque
722 1614 815 1676 veteri
848 1632 952 1694 more,
985 1615 1061 1678 sicut
1093 1614 1122 1677 in
1152 1611 1258 1676 Exodo

169 1730 312 1814 legimus,
343 1729 447 1792 bracas
478 1728 678 1809 accipiebant,
708 1729 783 1791 sicut
813 1728 849 1791 ad
876 1729 1003 1813 Moysen
1032 1729 1139 1792 dictum
1169 1735 1215 1791 est
1242 1747 1260 1790 a

171 1843 308 1907 domino:
331 1841 362 1928 ²)
393 1843 435 1905 Et
453 1842 557 1922 facies
579 1843 644 1906 stass
667 1844 780 1906 bracas
803 1845 920 1923 lineas,
954 1852 989 1908 at
1011 1852 1132 1925 tepatar
1156 1844 1259 1922 tarpi-

171 1959 246 2021 tado
266 1958 408 2037 pudoris.
453 1957 481 2019 A
504 1957 613 2020 lambis
634 1977 731 2039 usqae
755 1960 797 2021 ad
817 1959 938 2038 femora
959 1968 1065 2036 erant,
1089 1967 1119 2020 et
1139 1958 1262 2021 babebit

171 2089 226 2134 eas
242 2069 351 2134 Aaron
374 2077 404 2131 et
422 2071 482 2151 fittt
504 2072 581 2149 elas,
606 2091 673 2134 cam
695 2072 856 2135 intrabant
874 2074 908 2134 a'n
924 2073 1156 2136 tabernaculam
1171 2074 1259 2135 testi-

170 2186 267 2249 monii
295 2192 325 2245 et
354 2204 420 2246 cans
451 2185 598 2246 accedent
625 2186 808 2266 sacrificare
836 2188 878 2249 ad
908 2206 997 2249 aram
1025 2188 1202 2249 sanctuarii
1229 2194 1260 2249 et

170 2319 235 2363 aaa
257 2300 402 2362 inducent
422 2317 517 2378 super
539 2318 573 2361 aa
592 2307 764 2378 peccatam,
787 2319 827 2361 ne
848 2301 1031 2364 moriantur.
1069 2300 1156 2375 Quod
1176 2318 1258 2363 non-

170 2414 242 2477 nulli
263 2421 433 2478 nostrorum
455 2431 578 2476 servare
594 2412 689 2476 adbuc
705 2411 849 2494 feruntur,
872 2415 1007 2498 plerique
1022 2415 1146 2496 spiritali
1160 2414 1257 2476 inter-

170 2529 335 2610 pretatione
366 2528 403 2591 ad
432 2529 596 2592 cautionem
626 2527 825 2591 verecundiae
859 2536 889 2591 et
922 2529 1084 2592 custodiam
1116 2528 1259 2591 castitatis

171 2642 278 2708 dictum
302 2643 487 2706 arbitrantur.

568 2840 737 2908 CAPUT
770 2842 862 2908 XIX.

170 3008 297 3062 Decorum
316 3009 442 3079 quomodo
463 3008 619 3062 describatur
643 3008 674 3061 ab
693 2999 808 3061 oratore:
833 3025 865 3060 an
890 3017 916 3060 et
942 3018 1061 3080 quantum
1085 3008 1117 3060 ad
1141 3009 1260 3061 virtutem

172 3098 286 3150 conferat
304 3097 461 3150 formositas:
486 3106 614 3164 postremo
633 3115 681 3170 qua
701 3114 776 3165 cura,
795 3114 828 3149 ne
847 3098 907 3167 quid
924 3098 1078 3150 adlectatum
1096 3104 1140 3150 aut
1158 3097 1259 3149 effemi-

437 3194 523 3237 natum
540 3188 566 3237 in
584 3187 657 3240 nobis
675 3188 805 3256 adpareat,
824 3187 991 3239 efficiendum.

258 3328 307 3394 at.
346 3330 508 3394 Delectavit
530 3349 577 3393 me
600 3330 708 3394 diutius
730 3332 761 3394 in
783 3333 912 3413 partibus
936 3331 1083 3395 demorari
1104 3350 1258 3395 verecun-

172 3444 254 3525 diae,
285 3445 353 3525 quia
375 3443 413 3507 ad
436 3462 489 3506 vos
512 3444 672 3525 loquebar,
704 3447 755 3526 qui
777 3451 825 3508 aut
847 3447 926 3509 bona
948 3446 1011 3509 eius
1036 3465 1074 3509 ex
1095 3447 1182 3510 vobis
1204 3465 1259 3510 re-

172 3560 362 3643 cognoscitis,
384 3567 434 3622 aut
457 3558 560 3622 damna
582 3560 735 3643 ignoratis.
773 3561 856 3635 Quae
879 3580 944 3624 cum
967 3562 1005 3623 sit
1023 3562 1158 3625 omnibus
1174 3569 1259 3626 aeta-

171 3677 265 3757 tibus,
288 3676 442 3757 personis,
466 3676 646 3757 temporibus
670 3684 700 3739 et
722 3677 795 3740 locis
819 3685 902 3759 apta,
932 3683 1030 3739 tamen
1052 3676 1259 3741 adulescentes

172 3791 377 3871 iuvenilesque
400 3808 494 3854 annos
517 3792 642 3855 maxime
667 3789 761 3854 decet.

259 3904 310 3970 82.
355 3905 386 3967 ln
410 3907 489 3969 omni
510 3914 607 3969 autern
636 3906 815 3971 servandum
843 3912 956 3988 aetate,
987 3914 1018 3970 ut
1047 3907 1152 3971 deceat
1180 3906 1261 3992 quod

172 4056 378 4077 *ι--ι-ι-υ-

243 4151 271 4224 1)
289 4151 351 4207 Gen.
369 4149 396 4220 9,
413 4150 448 4206 22
465 4167 536 4224 seqq.
606 4150 635 4222 2)
653 4149 733 4208 Exod.
751 4150 794 4220 28,
812 4151 847 4205 42
864 4167 919 4224 seq.
