2692 4666
366 960 531 1087 ,uranu
571 953 854 1053 saturnus.

527 1171 687 1183 ..---ι-

494 1306 664 1372 CAPUT
697 1306 722 1370 I.

59 1479 134 1530 Vitae
153 1475 335 1529 beatitudinem
354 1474 453 1544 adquiri
471 1473 619 1536 honestate,
648 1472 742 1542 quippe
761 1487 809 1540 qua
829 1471 982 1524 Christianus
1001 1470 1109 1540 gloriam
1129 1476 1155 1521 ct

58 1566 163 1618 favores
188 1563 316 1616 hominum
341 1577 462 1629 spernens
487 1575 566 1628 opera
592 1575 636 1611 sna
663 1559 713 1610 deo
739 1558 787 1610 soli
811 1559 913 1627 pleone
936 1560 962 1609 in
980 1558 1046 1610 rotis
1070 1555 1154 1608 babet.

151 1723 179 1789 1.
225 1722 385 1804 Superiore
400 1721 477 1785 libro
494 1719 532 1783 de
549 1719 655 1784 officiis
671 1721 870 1800 tractavimus,
893 1738 970 1801 quae
994 1718 1156 1782 convenire

59 1838 210 1903 honestati
231 1836 449 1915 arbitraremur,
472 1836 502 1898 in
521 1854 579 1917 qua
599 1837 687 1898 vitam
705 1837 821 1899 beatam
843 1835 969 1917 positam
995 1850 1063 1896 esse
1085 1831 1156 1894 nulli

51 1952 279 2029 dubitaverunt,
304 1968 388 2031 quam
409 1948 558 2031 Scriptura
582 1949 709 2032 appellat
730 1952 820 2012 vitam
843 1955 1001 2012 aeternam.
1048 1946 1156 2010 Tantus

61 2068 141 2128 enim
164 2062 306 2146 splendor
331 2063 496 2126 honestatis
519 2070 581 2143 est,
613 2071 645 2127 ut
667 2065 755 2152 vitam
779 2065 892 2127 beatam
918 2061 1047 2124 alliciunt
1071 2067 1157 2121 tran-

63 2180 191 2261 quillitas
222 2178 423 2240 conscientiae
446 2183 476 2241 et
498 2179 643 2241 securitas
674 2179 869 2242 innocentiae.
914 2176 951 2238 Et
982 2176 1051 2238 ideo
1083 2173 1159 2236 sicut

63 2299 189 2356 exortus
205 2292 250 2354 sol
272 2292 360 2353 lunae
384 2291 506 2374 globum
521 2298 551 2354 et
567 2298 666 2354 cetera
689 2292 840 2354 stellarum
864 2289 1018 2354 abscondit
1039 2287 1158 2365 lumina,

63 2408 102 2469 ita
134 2405 235 2488 fulgor
264 2404 446 2482 honestatis,
478 2404 528 2466 ubi
558 2423 633 2467 vero
657 2413 687 2468 et
709 2408 882 2488 incorrupto
913 2405 1008 2467 vibrat
1038 2402 1159 2478 decore,

64 2526 173 2599 cetera,
198 2536 274 2599 quae
297 2524 436 2600 putantur
457 2520 535 2580 bona
559 2519 722 2582 secundum
747 2520 925 2602 voluptatem
950 2516 1086 2599 corporis
1110 2520 1160 2575 aut

62 2633 227 2695 secundum
250 2634 399 2694 saeculum
424 2632 502 2694 clara
527 2639 556 2694 et
578 2634 729 2713 inlustria,
753 2634 915 2696 obumbrat.

151 2745 180 2809 2.
226 2748 316 2810 Beata
339 2748 437 2828 plane,
461 2766 537 2828 quae
557 2767 616 2811 non
637 2749 740 2812 alienis
764 2750 933 2811 aestimatur
957 2745 1083 2839 iudiciis,
1106 2742 1160 2806 sed

62 2861 234 2926 domesticis
268 2863 430 2943 percipitur
468 2864 606 2927 sensibus
641 2871 786 2946 tamquam
821 2864 868 2926 sui
901 2864 1001 2926 iudex.
1055 2861 1161 2940 Neque

63 2979 143 3040 enim
165 2977 326 3060 populares
350 2978 506 3060 opiniones
529 2998 584 3061 pro
608 2979 748 3042 mercede
772 2981 866 3061 aliqua
890 2977 1031 3058 requirit,
1063 2991 1162 3054 neque

62 3110 119 3174 pro
141 3091 286 3172 supplicio
309 3099 406 3172 pavet.
452 3092 553 3173 ltaque
577 3112 637 3174 quo
661 3095 756 3156 minus
779 3096 915 3175 sequitur
945 3091 1089 3173 gloriam,
1125 3103 1163 3148 co

62 3205 158 3287 magis
190 3198 281 3285 super
312 3223 376 3266 eam
408 3207 524 3267 eminet.
570 3207 643 3268 Nam
674 3207 723 3287 qui
753 3206 878 3288 gloriam
911 3206 1083 3285 requirunt,
1119 3201 1163 3261 bis

63 3336 100 3380 ea
126 3336 242 3380 merces
273 3320 473 3398 praesentium
505 3321 608 3382 umbra
645 3320 810 3383 futurorum
833 3327 897 3398 est,
932 3337 1009 3400 quae
1035 3315 1167 3398 inpediat

63 3434 152 3497 vitam
186 3439 352 3513 aeternam,
385 3434 464 3515 quod
497 3435 526 3497 in
557 3432 715 3518 evangelio
748 3436 889 3516 scriptum
922 3429 1032 3516 est:‘¹)
1067 3429 1166 3492 Amen

63 3549 135 3610 dieo
159 3547 262 3625 cedis,
284 3557 489 3628 perceperunt
511 3550 678 3611 mercedem
700 3568 808 3621 suum;
832 3548 869 3610 de
892 3547 937 3609 his
960 3546 1092 3623 scilicet,
1116 3543 1167 3624 qui

64 3662 147 3724 velut
170 3661 240 3723 tuba
264 3669 389 3723 canente
418 3661 543 3745 vulgare
574 3662 775 3723 liberalitatem
807 3678 907 3739 suam,
939 3679 1026 3741 quarn
1058 3658 1169 3721 iaciunt

65 3777 147 3837 circa
170 3793 331 3856 pauperes,
354 3777 495 3858 gestiunt.
542 3776 680 3840 Similiter
700 3775 786 3837 etde
809 3775 930 3854 ieiunio,
955 3773 1035 3855 quod
1061 3778 1168 3842 oslen-

63 3891 185 3953 tationis
208 3908 298 3952 eausa
321 3889 444 3953 faciunt:
468 3891 609 3968 Habent,
634 3891 743 3971 inquil,
765 3892 937 3951 mercedem
959 3907 1058 3960 suum,

70 4042 270 4054 --—-—-

137 4133 164 4198 ¹)
183 4131 267 4186 narce.
279 4130 314 4199 a,
333 4132 357 4185 2.
