2692 4666
516 398 542 452 s.
561 396 724 454 auaaosu
1132 400 1153 465 9

61 560 229 643 cousuevit,
251 547 312 626 non
335 578 442 645 passus
465 566 513 624 est
536 559 586 639 diu
609 560 743 624 insultari
765 578 782 622 a
805 559 925 642 peridis
949 560 1059 623 sanctis
1082 560 1154 623 suis.

61 674 144 740 Unus
167 675 267 759 itaque
291 694 330 738 ex
351 675 415 759 ipsa
439 666 622 739 multitudine
645 675 743 738 subito
772 680 908 756 arreptus
938 693 955 737 a
979 675 1083 757 spiritu
1104 674 1155 736 in-

62 791 172 855 mnndc
197 792 323 854 clamare
346 791 461 871 coepit,
493 790 532 852 ita
553 789 688 872 torqueri
711 793 780 869 eos',
810 795 843 852 ut
864 789 930 871 ipse
951 789 1155 869 torquebatur,
1272 828 1275 835 ,

63 905 112 987 qai
135 913 284 988 negarent
305 910 452 988 martyres
475 903 525 967 vel
547 905 598 986 qui
620 922 680 967 non
703 903 861 966 crederent
882 904 912 966 in
935 903 1156 966 trinitatis'uni-

62 1024 163 1100 tatem,
188 1038 274 1102 quam
298 1019 387 1082 docet
408 1018 594 1082 Ambrosius.
636 1017 680 1080 dr
701 1018 742 1080 illi
765 1015 823 1080 hac
844 1035 920 1081 voce
943 1017 1077 1097 contusi,
1106 1020 1158 1100 qui

62 1134 201 1198 converti
224 1133 387 1197 debuerant
417 1139 446 1195 et
474 1132 593 1216 dignam
623 1132 673 1195 tali
704 1131 897 1196 confessione
930 1150 1022 1215 agore
1050 1133 1158 1214 paeni·

62 1247 195 1327 tentiam,
230 1248 261 1309 in
283 1247 425 1329 piscinam
449 1243 616 1310 demersum
640 1246 786 1309 bominem
810 1252 994 1309 necaverunt
1016 1245 1158 1328 perfidiae

63 1361 254 1427 homicidium
283 1361 498 1443 adiungentes3
530 1360 652 1424 deduxit
682 1360 760 1422 enim
791 1360 859 1424 ilios
893 1359 929 1422 ad
962 1360 1039 1423 bunc
1070 1360 1157 1423 tinem

64 1475 155 1560 digna
178 1475 351 1539 necessitas.
409 1474 535 1538 Sanctus
558 1491 633 1538 vero
655 1474 832 1538 Ambrosius
855 1475 1015 1556 episcopus
1039 1473 1159 1535 maioris

63 1588 235 1654 humititatis
258 1589 304 1651 vir
325 1585 420 1652 iactus
444 1586 582 1651 donatam
605 1587 660 1650 sibi
677 1606 693 1649 a
709 1586 828 1651 domino
845 1587 970 1671 gratiam
985 1588 1160 1650 reservabat

64 1701 280 1782 crescebatque
303 1696 413 1763 cotidie
436 1699 495 1762 tide
517 1706 547 1761 ct
570 1717 673 1761 amore
697 1717 797 1762 coram
820 1698 878 1763 deo
901 1707 931 1764 et
953 1700 1130 1764 bominibus,

155 1812 205 1878 1⁷.
250 1814 306 1877 Per
329 1814 407 1876 idam
430 1818 546 1895 tempus
569 1819 633 1876 erat
655 1813 773 1895 quidam
795 1815 843 1876 vir
865 1813 903 1878 de
925 1814 1044 1878 haeresi
1068 1815 1159 1878 Aria·

65 1947 191 2008 norum,
223 1946 293 1991 acer
325 1927 411 1989 nimis
441 1926 604 2009 disputator
636 1934 666 1989 et
694 1927 785 1990 durans
816 1933 905 2009 atque
927 1928 1161 1992 inconvertibilis

67 2040 106 2106 ad
129 2041 219 2106 iidem
242 2041 424 2107 catholicam.
460 2040 489 2102 Is
513 2042 690 2105 constitutus
712 2043 741 2104 in
766 2040 893 2106 ecclesia
916 2047 1061 2105 tractante
1077 2041 1161 2125 epis-

66 2175 147 2241 copo
169 2157 252 2236 vidit,
281 2164 314 2220 ut
336 2157 400 2238 ipse
422 2155 610 2238 postmodum
633 2156 821 2237 loquebatur,
852 2156 990 2240 angeium
1013 2156 1049 2220 ad
1074 2174 1162 2220 aures

68 2271 204 2353 episcopi
227 2269 378 2333 tractantis
399 2269 582 2351 loquentem,
611 2276 644 2333 ut
665 2271 758 2334 verba
781 2271 880 2354 angeli
902 2271 1014 2353 populo
1038 2270 1162 2352 cpisco-

67 2401 125 2467 pus
148 2386 321 2447 renuntiare
342 2381 503 2446 videretur.
557 2383 624 2457 Quo
656 2384 721 2447 viso
753 2401 920 2447 conversus
942 2384 1047 2465 bdem,
1078 2403 1164 2466 quam

68 2498 270 2582 expugnabat,
292 2498 393 2579 coepit
414 2498 480 2579 ipae
502 2496 676 2561 defendere.

158 2609 208 2677 18.
252 2612 384 2677 Fuerunt
407 2613 493 2676 ctiam
517 2612 577 2675 duo
593 2612 764 2676 cubicularii
786 2619 856 2676 tunc
875 2611 1017 2694 temporis
1033 2610 1165 2675 Gratiani

66 2727 255 2810 imperatoris
278 2726 316 2791 de
338 2726 456 2791 haeresi
473 2728 662 2806 atrianorum,
686 2726 736 2808 qui
755 2725 892 2788 tractanti
907 2726 1051 2808 episcopo
1068 2744 1164 2808 quae·

68 2841 199 2904 ationem
221 2846 436 2922 proponerent,
459 2838 497 2902 ad
520 2859 608 2920 quam
631 2838 807 2903 audiendam
830 2839 925 2904 attero
949 2834 1056 2904 die'ad
1080 2841 1164 2904 basi-

67 2957 155 3020 licam
177 2955 351 3020 Porcianam
373 2972 409 3019 se
432 2953 587 3018 adfuturos
610 2953 824 3036 promiserant3
849 2961 913 3017 erat
934 2956 1012 3017 euim
1028 2956 1165 3036 quaestio
1208 2974 1211 2979 ·

68 3070 108 3135 de
145 3071 349 3136 incarnatione
363 3123 367 3133 .
382 3068 500 3132 doudni.
562 3067 622 3135 Sed
662 3069 720 3133 alio
754 3068 803 3132 die
836 3068 996 3132 miserandi
1029 3067 1165 3131 homines

69 3186 230 3268 superbiae
246 3193 362 3248 tumore
378 3184 518 3267 conpleti,
541 3203 597 3248 nec
614 3201 762 3247 memores
777 3185 1003 3266 promissorum,
1026 3189 1165 3246 contem-

69 3305 177 3364 nentes
200 3300 288 3363 deum
310 3300 341 3362 in
363 3299 523 3364 sacerdote
545 3300 648 3382 ipsius,
672 3317 729 3363 nec
750 3299 847 3382 plebis
863 3296 1064 3382 exspectantis
1088 3314 1165 3359 acn-

69 3413 239 3479 siderantes
268 3415 424 3494 iniuriam,
454 3416 635 3479 inmemores
664 3415 751 3479 etiam
774 3414 918 3479 dictorum
942 3412 1166 3491 dominicorum,

69 3527 211 3610 quoniam
233 3526 287 3608 qui
308 3528 577 3591 scandalizaverit
598 3547 694 3590 anam
715 3522 756 3591 cc'c
778 3529 913 3590 minimis
934 3528 1017 3605 istis,
1046 3531 1168 3608 oportet

69 3642 106 3703 at
126 3641 209 3704 mala
230 3641 374 3704 asinaria
400 3640 483 3704 collo
504 3641 573 3704 eiua
596 3641 743 3722 altipetar
765 3648 797 3703 ct
818 3641 1013 3723 dcmcrpotur
1034 3639 1068 3700 iu
1088 3655 1166 3717 pro·

67 3754 204 3834 [andam
218 3756 326 3834 maris,
343 3753 374 3840 ¹)
399 3755 639 3820 conscendentes
655 3754 787 3834 rhedam,
811 3756 897 3837 quasi
911 3754 1006 3838 gratia
1021 3750 1167 3836 gestandi,

70 3869 221 3933 civitatem
245 3869 365 3952 agressi
395 3876 464 3933 sunt
493 3873 688 3951 exspectante
709 3866 867 3932 sacerdote
895 3874 926 3930 et
947 3867 1035 3949 plebe
1057 3866 1087 3928 in
1111 3883 1166 3927 oc-

70 3983 166 4050 clasia
198 3984 368 4048 consituta.
430 3982 491 4049 Sed
522 3982 610 4046 huius
648 3980 853 4045 contumaciae
885 3981 937 4063 qni
967 3980 1034 4045 bnis
1069 3979 1168 4059 fuerit,

71 4138 113 4148 ou-
122 4138 279 4148 1———n—

145 4235 172 4302 1)
191 4231 277 4285 decb.
297 4230 338 4296 18,
356 4230 382 4282 θ.
