2692 4666
341 331 386 386 ott
405 331 542 389 ortttcus
563 330 787 388 ttttttstttotttttt
808 330 904 386 LIBER
921 331 939 386 l.
1143 333 1186 400 69

89 493 231 576 Sequitur
254 495 291 559 de
314 494 420 560 ordine
451 514 551 558 rerum
575 502 605 557 et
628 494 665 558 de
688 494 898 577 oportunitate
920 499 1095 576 temporum.
1139 493 1186 558 Ac

87 628 146 691 per
166 607 224 672 boc
246 609 301 672 tria
324 617 408 690 sunt,
431 628 508 691 quae
532 607 702 692 videamus,
725 614 822 673 utrum
843 609 874 671 in
893 606 992 689 aliquo
1016 613 1186 671 sanctorum

88 730 290 787 consummata
312 725 460 807 possimus
489 722 628 787 docere„

179 834 248 901 107.
292 838 419 901 Primum
441 839 506 920 ipse
529 844 613 919 pater
627 836 787 917 Abrabam,
806 834 837 920 ¹)
860 837 910 918 qui
930 834 965 898 ad
983 833 1185 919 magisterium

87 949 204 1013 futurae
228 951 428 1014 successionis
450 949 625 1014 informatus
649 956 678 1013 et
701 951 862 1014 instructus
885 957 948 1028 est,
978 949 1076 1011 iussus
1100 938 1185 1011 exire

87 1063 126 1127 de
148 1071 230 1127 terra
252 1081 306 1126 sua
329 1069 358 1126 ct
381 1062 419 1125 de
449 1064 631 1146 cognatione
666 1081 720 1126 sua
753 1069 783 1125 et
814 1062 851 1125 de
883 1061 971 1125 domo
1005 1063 1097 1142 patris
1127 1063 1184 1145 sui,

85 1194 188 1239 nonne
210 1174 415 1256 multiplicatae
444 1174 674 1239 necessitudinis
706 1177 900 1256 praestrictus
931 1176 1055 1257 ellectu,
1085 1182 1184 1242 tamen

86 1289 247 1372 appetitum
278 1290 384 1352 rationi
417 1289 605 1352 obedientem
638 1291 801 1370 praebuit?
846 1291 940 1365 Quem
973 1291 1051 1354 enim
1084 1296 1185 1355 terrae

85 1423 175 1484 suae,
205 1405 411 1487 cognationis,
442 1404 547 1468 domus
579 1423 699 1487 quoque
728 1406 868 1487 propriae
891 1405 986 1489 gratia
1010 1423 1071 1468 non
1094 1404 1182 1468 dele-

86 1520 209 1584 ctaret?
253 1518 289 1582 Et
308 1518 389 1582 bunc
412 1538 487 1602 ergo
511 1520 657 1583 mulcebat
679 1538 800 1584 suorum
824 1521 971 1599 suavitas,
994 1519 1047 1582 sed
1070 1520 1184 1601 imperii

85 1634 225 1698 caelestis
249 1641 279 1696 et
301 1636 548 1698 remunerationis
571 1643 711 1698 aeternae
734 1635 936 1699 consideratio
959 1635 1099 1698 movebat
1117 1655 1183 1698 am·

83 1750 173 1832 plius.
225 1749 332 1811 Nonne
370 1749 577 1813 considerabat
614 1769 741 1814 rrxorem
779 1750 946 1813 inbecillem
985 1749 1021 1811 ad
1054 1750 1182 1831 labores,

83 1871 221 1928 teneram
244 1862 280 1926 ad
304 1863 441 1944 iniurias,
475 1864 614 1928 decoram
648 1866 684 1928 ad
717 1866 864 1928 incentiva
897 1865 1086 1929 insolentium
1117 1865 1182 1929 sine

83 1996 201 2043 summo
231 1995 292 2041 non
322 1994 413 2058 posse
444 1978 511 2041 duci
541 1979 702 2061 periculo?
747 1981 783 2042 Et
813 1987 912 2044 tamen
941 1981 1043 2044 subire
1073 1981 1182 2071 omnia,

84 2115 171 2178 quam
204 2111 350 2157 excusare
381 2094 545 2158 consultius
577 2096 753 2159 diiudicavit.
807 2096 921 2159 Deinde
951 2114 1017 2158 curn
1050 2095 1181 2159 descen-

83 2210 169 2273 deret
191 2209 220 2272 in
243 2211 430 2292 Aegyptum,
454 2214 585 2291 monuit,
608 2219 640 2274 ut
662 2212 775 2276 diceret
797 2232 831 2276 se
854 2231 991 2277 sororem
1015 2229 1099 2291 csse,
1119 2229 1179 2276 non

81 2343 210 2388 uxorem
233 2325 334 2406 ipsius.

172 2436 243 2504 108.
288 2439 431 2521 Adverte,
455 2442 555 2523 quanti
578 2442 738 2524 appetitusl
776 2442 909 2505 Timebat
932 2441 1036 2504 uxoris
1059 2438 1177 2522 pudori,

81 2554 202 2616 timebat
231 2556 371 2636 propriae
399 2557 502 2636 saluti,
534 2564 688 2639 suspectas
720 2557 846 2620 babebat
868 2533 1086 2638 Aegyptiorum
1108 2554 1178 2617 libi-

80 2667 185 2748 dines,
218 2673 247 2729 et
274 2674 371 2732 tamen
398 2671 563 2752 praevaluit
585 2673 661 2754 apud
684 2692 752 2735 eum
775 2673 850 2735 ratio
882 2669 1096 2752 exsequendae
1119 2669 1177 2733 de-

80 2784 222 2847 votionis.
268 2783 477 2848 consideravit
509 2787 587 2849 eninr
622 2787 701 2869 quod
736 2788 784 2851 dei
818 2787 923 2851 lavore
956 2786 1066 2868 ubique
1098 2791 1177 2848 tutus

80 2916 153 2962 esse
183 2905 302 2979 posset,
337 2897 454 2963 offenso
484 2906 582 2963 autem
612 2900 732 2964 domino
761 2902 848 2964 etiam
878 2900 957 2965 domi
987 2919 1048 2965 non
1074 2906 1177 2983 posset

78 3013 212 3076 inlaesus
240 3032 370 3078 manere.
415 3016 491 3077 Vicit
521 3017 611 3098 igitur
640 3017 799 3098 appetitum
832 3015 962 3079 ratioet
989 3016 1176 3079 obedientem

78 3127 137 3192 sibi
159 3129 312 3211 praestitit.

172 3240 242 3307 100.
288 3242 380 3327 Capto
403 3251 512 3326 nepote
529 3241 562 3328 ²)
586 3263 646 3308 non
668 3245 862 3325 perterritus,
885 3262 983 3326 neque
1006 3248 1049 3307 tot
1069 3260 1174 3325 regum

78 3357 216 3420 turbatus
250 3357 385 3440 populis,
422 3356 530 3420 bellum
564 3358 689 3438 repetit3
726 3357 849 3419 victoria
882 3357 1007 3438 potitus,
1045 3354 1175 3437 praedae

77 3478 213 3557 partem,
243 3472 326 3535 cuius
350 3472 415 3553 ipse
438 3471 491 3534 fuit
517 3476 637 3550 auctor,
673 3470 830 3534 recusavit.
875 3469 1024 3534 Promisso
1053 3487 1174 3551 quoquo

78 3587 137 3650 sibi
152 3587 224 3667 filio,
248 3605 313 3649 cum
329 3586 533 3650 consideraret
556 3587 682 3649 emortui
705 3586 841 3667 corporis
858 3586 905 3649 sui
920 3586 1000 3648 vires
1024 3583 1173 3666 depositas

79 3699 266 3764 sterilitatem
300 3700 436 3782 coniugis
470 3706 500 3762 et
533 3716 700 3781 supremam
733 3703 915 3761 senectutem
949 3699 1036 3761 etiam
1070 3703 1173 3762 contra

78 3833 167 3879 usum
189 3821 312 3878 naturae
334 3814 392 3879 deo
416 3814 550 3878 credidit.
568 3810 600 3899 ³)

171 3926 242 3993 110.
287 3928 421 3993 Adverte
451 3930 613 3993 convenire
645 3930 750 3992 omnia.
796 3928 951 4010 Appetitus
981 3946 1041 3991 non
1070 3927 1171 4010 deluit,

155 4175 182 4247 l)
202 4098 349 4243 ceresta,
363 4126 447 4246 l‘seq.-
515 4139 625 4245 Qffid.
640 4172 682 4240 14,
705 4094 739 4277 1}
747 4188 818 4245 seqq.
888 4130 920 4244 0)
938 4170 1001 4227 thid.
1016 4171 1058 4240 15,
1073 4171 1086 4224 1
1099 4186 1169 4244 seqq.
