2692 4666
205 1101 231 1154 P.
255 1104 275 1152 1.

172 1206 251 1258 Deest
274 1208 404 1274 inscriptio
429 1210 453 1258 in
473 1209 504 1260 Α.
541 1208 567 1260 in
585 1207 606 1260 E
625 1224 678 1260 rec.
699 1224 732 1259 m.
752 1209 881 1275 praemisit
901 1211 1041 1263 Pontinus.
1067 1207 1099 1278 ⁴B
1118 1209 1195 1262 habet

99 1296 148 1347 hoc
167 1294 257 1346 lemma
276 1310 291 1345 a
309 1311 384 1346 manu
402 1297 497 1346 saecuti
517 1295 582 1347 XIV.
601 1296 645 1348 vei
663 1295 715 1346 XV.
736 1295 887 1363 praefixum:
915 1298 1035 1366 Lependn
1056 1281 1110 1352 s‘eti
1127 1299 1193 1351 dm·

99 1387 185 1437 brosii
204 1369 257 1450 lapi
273 1386 389 1436 doctoris
404 1368 498 1453 pcipui
514 1395 539 1438 et
557 1387 651 1437 eclesie
669 1393 760 1440 soracte
778 1385 828 1437 dei.
864 1381 891 1434 ln
910 1380 930 1434 C
948 1383 1082 1436 scribitur:
1100 1385 1196 1454 incipit

98 1456 180 1538 piatio
200 1454 248 1522 a-ci
270 1474 375 1539 pantini
399 1470 465 1536 (hiat
489 1471 548 1522 dein
573 1487 664 1538 magna
687 1469 778 1523 lacuna
803 1486 835 1522 ex
860 1486 947 1522 rasura
974 1470 1075 1538 relicta)
1102 1453 1144 1540 eps
1166 1473 1195 1537 ist

99 1562 180 1610 eitom
204 1543 250 1610 a—ci
277 1561 405 1610 ambrosii
432 1542 481 1627 e'pTi.
511 1556 540 1608 (i
568 1557 700 1638 exhibem-
713 1560 809 1625 Incipit
833 1561 961 1640 protopus
987 1561 1015 1629 in
1040 1542 1104 1612 eui?
1122 1562 1196 1633 Beati

99 1648 233 1697 Ambrosii
251 1648 376 1713 episcopi.
412 1643 432 1694 F
440 1662 446 1693 r
465 1647 563 1713 incipit
580 1649 635 1698 vito
654 1649 697 1697 sci
714 1646 849 1696 Ambracii
861 1647 915 1713 Epi
932 1649 1035 1714 scripta
1053 1666 1070 1699 n
1086 1650 1195 1714 paulino

99 1718 153 1800 ῑμῇ.
190 1731 218 1782 ιι
238 1732 278 1782 ea.
297 1731 364 1783 nea.
384 1741 465 1783 ersus
484 1732 532 1782 hoc
550 1731 655 1783 remma:
686 1733 762 1785 urna
781 1734 912 1785 sancnr
931 1734 1106 1789 ananosrr
1123 1738 1194 1788 nn-

100 1822 336 1874 DIOLANENSIS
367 1822 534 1874 uutscont
561 1820 758 1872 SECUNDUM
765 1809 767 1814 ’
786 1820 966 1872 PAULINUM
991 1822 1196 1876 EPISCOPUM

98 1909 328 1960 Notandum)
349 1907 493 1962 Burrum
511 1908 736 1961 Adedsrrudu
751 1907 962 1961 EPISOOPUM.
999 1905 1049 1958 Sed
1070 1907 1135 1959 iaiso
1154 1908 1194 1960 hic

98 1994 173 2043 tribui
192 1996 268 2045 vitum
287 1993 313 2044 S.
333 1993 460 2045 Ambrosii
480 1993 585 2045 Paulino
605 1995 727 2060 episcopo
745 1991 844 2067 Nolano
868 1995 928 2044 satis
953 2002 1040 2044 notum
1065 2000 1119 2055 est3
1148 1991 1194 2042 tuit

98 2081 161 2130 enim
180 2077 298 2132 Paulinus
323 2090 409 2132 noster
434 2081 560 2134 ccclesiae
579 2080 774 2132 mediolanensis
798 2079 934 2149 presbyter
952 2088 978 2133 et
995 2079 1123 2132 Ambrosii
1142 2095 1193 2133 na·

97 2167 182 2216 tarius.
274 2182 276 2187 ·
573 2230 581 2236 .
715 2153 718 2159 ⁴

167 2345 193 2408 §.
215 2341 238 2391 1.
275 2342 351 2394 2-3.
368 2344 518 2413 prosecuti]
537 2342 573 2395 Ita
592 2344 667 2406 codd.
687 2353 714 2397 et
731 2344 791 2396 edd.
809 2345 923 2410 exceptis
935 2342 1013 2395 Maur.
1028 2352 1105 2412 atque
1117 2341 1192 2407 Gilb.,

96 2429 119 2478 in
139 2429 230 2496 quihus
249 2426 342 2497 legitur
358 2434 522 2498 prosequuti.
560 2431 583 2495 3Ἰ
602 2434 683 2484 eitam
701 2429 722 2482 Α
741 2429 761 2480 Β
780 2428 801 2482 G
818 2428 839 2480 E
858 2429 878 2480 F
904 2445 926 2479 c.
952 2428 992 2480 ed.
1012 2429 1092 2493 nied,
1120 2433 1192 2483 vitus

96 2513 117 2563 Ι)
137 2521 164 2565 et
181 2513 277 2583 vulgati
295 2515 360 2566 iibri.
399 2515 437 2567 De
462 2517 595 2585 singularis
617 2519 715 2568 numeri
732 2531 779 2569 usu
796 2515 845 2568 vid.
866 2515 1019 2583 interpretes
1037 2515 1069 2566 ad
1089 2513 1189 2566 Cornel.

94 2601 158 2668 Nep.
178 2600 286 2653 Praefat.
307 2604 332 2653 in
352 2603 392 2654 fin.
413 2603 686 2670 etEpnminond.1V.
707 2605 732 2654 6.
752 2605 794 2655 ed.
814 2601 915 2655 Bardili.
954 2604 978 2654 1.
1002 2588 1073 2656 sicat
1091 2617 1140 2653 orn.
1160 2599 1188 2653 G.

95 2689 119 2738 5.
138 2690 257 2741 Severus
275 2689 307 2740 ab
327 2689 360 2740 al.
379 2707 411 2742 m.
431 2693 455 2741 in
474 2708 552 2759 marg.
573 2691 650 2744 habet
667 2691 695 2742 F.
731 2691 793 2743 Tum
811 2694 854 2745 dei
870 2688 1005 2744 termuth
1019 2689 1039 2740 Ε
1052 2689 1086 2752 [ἢ
1105 2693 1188 2743 incas-

93 2779 177 2842 iento,
206 2777 273 2844 quod
298 2777 355 2828 edd.
380 2777 459 2828 hioar.
485 2787 510 2828 et
535 2778 598 2830 Gilb.
624 2788 683 2831 ante
708 2796 829 2833 smne
854 2777 988 2842 exhibent,
1017 2777 1090 2828 codd.
1110 2778 1188 2829 nostri

94 2862 227 2929 ceterique
255 2862 313 2914 libri
341 2865 402 2915 editi
430 2880 480 2918 om.
515 2866 601 2930 Quare
628 2868 799 2933 expunximus.
835 2860 901 2919 Dein
928 2868 1045 2920 contenit
1070 2863 1101 2915 Α.
1139 2863 1188 2915 Pro

92 2952 152 3015 sic,
180 2950 247 3016 quod
273 2951 345 3002 abest
369 2952 400 3003 ab
419 2955 439 3005 Λ
459 2952 479 3004 Β
499 2952 518 3003 C
537 2953 558 3004 ii
576 2953 613 3019 F,
640 2955 664 3004 io
682 2953 704 3005 D
724 2960 750 3006 et
768 2953 810 3007 ed.
828 2954 895 3007 Med.
914 2953 1033 3005 scribitur
1049 2956 1095 3006 do.
1132 2952 1189 3004 Mox

92 3039 160 3088 beati
183 3036 243 3086 dunt
267 3035 341 3089 codd.
366 3039 446 3089 nostri
472 3054 560 3091 omncs
584 3047 736 3110 veteresque
761 3040 836 3106 edd..
864 3043 924 3094 item
942 3038 1038 3092 Eresm.
1064 3047 1090 3090 et
1109 3036 1187 3103 Cost,

92 3126 241 3176 beatissimi
253 3123 329 3175 iduor.
348 3133 423 3193 atque
437 3125 501 3178 Gilb.
539 3126 563 3179 6.
581 3130 787 3184 mediolanensis
806 3115 849 3198 epi
864 3128 957 3178 omissa
976 3140 1042 3176 voce
1060 3129 1188 3199 ecciesiae

92 3207 123 3261 D.
160 3210 185 3259 ⁷.
203 3214 276 3264 muri
293 3222 357 3266 snm
374 3216 549 3268 ecclesiaram
567 3211 596 3264 C.
635 3214 674 3267 10.
693 3227 717 3271 ot
736 3231 782 3283 pro
801 3233 831 3270 eo
849 3213 871 3264 A
889 3211 911 3264 Ε
930 3211 959 3265 Β.
996 3212 1054 3264 Mox
1073 3216 1184 3266 adstite-

91 3306 155 3350 runt
174 3312 238 3349 unus
254 3299 287 3364 Α,
306 3303 448 3353 astiterunt
466 3299 487 3350 D
506 3299 527 3351 E
548 3291 578 3364 F,
597 3304 755 3356 asstiterant
772 3299 791 3352 B
811 3300 839 3354 G.
875 3299 974 3354 Eodem
993 3300 1069 3351 modo
1087 3302 1186 3351 variant

91 3382 167 3434 codd.
192 3383 210 3435 l.
231 3384 271 3436 12.
297 3394 324 3436 et
347 3402 378 3454 ap
413 3386 530 3440 Ambros.
554 3387 573 3439 1.
593 3387 634 3440 50.
660 3389 684 3454 s.
704 3388 852 3454 250‚12.‚
878 3387 939 3439 ibid.
958 3385 1026 3451 254,
1045 3385 1069 3438 5.
1105 3384 1124 3439 1.
1142 3387 1184 3455 4¹⁷.

90 3469 115 3533 ς.
132 3470 201 3536 227,
226 3474 251 3524 4.
288 3471 307 3522 1.
326 3473 351 3525 4.
376 3475 400 3537 §.
421 3474 461 3524 15.
486 3490 512 3540 p.
531 3474 581 3540 37,
606 3473 630 3526 3.
666 3472 696 3527 11.
715 3474 756 3526 28.
782 3475 807 3539 §.
829 3472 893 3538 137,
920 3474 944 3524 3.
981 3472 1101 3525 Ceterum
1124 3473 1185 3526 vide

96 3559 215 3626 Wspner.
235 3559 268 3610 de
287 3561 467 3630 orthographia
486 3561 580 3631 Vergil.
600 3579 624 3631 p.
644 3561 703 3614 toa.
742 3561 782 3614 11.
807 3580 824 3614 ιι
841 3577 936 3615 sorore
959 3559 1034 3613 codd.
1055 3575 1143 3612 omnes
1160 3575 1184 3613 e.

90 3642 133 3695 ed.
152 3642 232 3710 bled,
254 3650 285 3700 ab
303 3665 397 3702 sorore
415 3648 474 3700 edd.
493 3648 549 3702 reli.
586 3648 652 3701 Dein
668 3652 747 3704 iitirss
764 3647 794 3701 F.
830 3648 872 3701 12.
892 3646 1055 3715 Verbaemn
1071 3650 1114 3701 iiii
1131 3650 1182 3701 sri-

90 3740 204 3800 stsrem,
232 3747 297 3802 qaae
321 3735 410 3788 absunt
428 3753 443 3788 a
461 3737 518 3789 cod.
539 3735 559 3788 B
579 3745 605 3789 et
622 3734 662 3790 ed.
681 3736 764 3802 Med,
789 3735 811 3787 D
829 3736 854 3787 in
872 3751 922 3804 mg.
941 3733 1027 3786 habet.
1063 3737 1184 3789 Arima

91 3818 152 3869 dant
171 3819 224 3873 EF
242 3830 396 3892 veteresque
416 3823 474 3885 edd.
495 3842 516 3877 c.
535 3821 632 3877 Erasm.
650 3832 678 3877 et
696 3823 765 3878 Cost.
802 3823 859 3876 bion
877 3821 952 3874 codd.
971 3837 1060 3874 omnes
1078 3825 1109 3876 sb
1127 3824 1181 3897 bia,

90 3905 158 3973 quod
177 3907 382 3975 praeferendum.
419 3909 457 3962 De
483 3923 532 3981 qao
558 3927 605 3962 usu
630 3913 787 3979 pronominis
812 3908 1002 3963 demonstrativi
1023 3910 1067 3963 bic
1090 3923 1137 3976 pro
1154 3910 1182 3965 t‘e

90 4007 147 4044 cum
165 3993 271 4046 relativo
289 3997 425 4061 coniuncti,
449 3998 519 4049 caius
537 4000 629 4065 passim
648 3999 808 4066 reperiuntur
827 3995 943 4065 exempla
961 3996 986 4049 ia
1004 3996 1094 4048 nestris
1110 3979 1180 4048 Paul

89 4077 134 4130 iini
152 4080 286 4132 codicibus
305 4088 331 4131 et
349 4081 375 4132 ia
395 4080 522 4135 Ambrosii
542 4082 613 4136 libris
631 4084 663 4137 de
681 4073 785 4150 officiis,
811 4083 861 4137 vid.
881 4086 1016 4139 Kritsintn
1039 4082 1072 4137 hd
1089 4081 1178 4151 Stlust.

902 4172 973 4238 15⁴*
