2692 4666
569 319 594 376 a.
613 317 777 375 nneuosn
1177 315 1228 386 pr·

120 505 233 550 navem
255 486 541 568 adpropinquantem
562 483 652 562 litori,
675 484 705 545 in
728 502 785 565 qua
808 487 873 546 erat
888 480 1042 545 multitudo
1057 479 1220 544 albatorum

121 601 267 664 virorum.
313 600 426 675 Quibus
460 594 711 660 descendentibus
745 595 782 658 ad
817 602 926 658 terram
961 612 1026 656 cnm
1059 612 1149 656 unum
1183 592 1221 656 de

124 714 212 776 turba
236 713 463 795 deprecaretur,
487 719 518 775 ut
540 713 633 775 sciret
656 712 707 793 qui
731 710 927 789 asserturi,
955 708 1066 771 audiuit
1088 706 1221 770 Ambro-

124 828 201 891 sium
224 829 348 909 eiusque
371 832 546 889 consortes:
570 844 628 908 quo
652 824 752 888 audito
776 823 896 888 nomine
918 840 983 885 cum
1000 821 1220 903 deprecamur,

123 949 158 1005 ut
180 941 280 1004 lumen
301 941 465 1021 reciperet,
489 936 600 1001 audivit
622 938 658 1000 ab
682 956 735 1001 eo:
765 937 859 1018 Perpe
884 935 1093 999 Mediolanum
1115 944 1145 996 et
1167 953 1221 997 ce·

126 1075 218 1118 carre
238 1053 394 1136 fratribus
416 1054 509 1130 meis,
532 1053 585 1135 poi
609 1053 663 1115 iilo
686 1052 811 1114 centeri
833 1059 923 1130 caat,
952 1050 1111 1134 designans
1135 1049 1222 1127 diem,

125 1178 157 1233 et
178 1170 314 1248 recipies
336 1169 446 1230 tamea.
484 1168 555 1231 Erat
578 1168 656 1251 enim
679 1167 734 1246 vir,
757 1172 789 1229 ut
810 1166 874 1247 ipse
890 1164 1057 1244 adserebat,
1080 1165 1118 1227 dc
1133 1163 1222 1226 litore

125 1284 302 1364 Dalmatino,
325 1301 382 1346 nec
405 1300 440 1344 se
463 1282 585 1344 venisse
607 1288 676 1343 ante
700 1281 730 1342 in
754 1280 900 1342 civitatem
925 1278 1098 1358 adserebat‚
1121 1279 1223 1359 prius-

126 1416 213 1478 quam
243 1405 327 1460 recto
358 1396 465 1458 itinere
495 1395 630 1475 reliquiis
661 1401 830 1456 sanctorum
863 1394 1061 1473 occurrisset,
1092 1389 1223 1455 nondum

126 1511 252 1588 videns3
275 1510 330 1573 sed
351 1517 431 1573 tacto
453 1509 552 1571 loculo
576 1506 680 1569 videre
703 1507 851 1588 coepisse.

214 1622 266 1689 53.
311 1625 363 1686 His
390 1625 489 1704 itaque
519 1621 653 1685 decursis
683 1639 744 1684 non
774 1621 903 1683 arbitror
931 1638 1025 1704 grave
1054 1619 1167 1698 videri,
1198 1620 1224 1681 si

128 1738 276 1821 paululum
299 1737 506 1820 promissionis
529 1740 650 1800 nostrae
673 1741 767 1796 metas
790 1733 1028 1811 excesserimus,
1058 1738 1091 1793 ut
1114 1730 1223 1795 domini

129 1854 255 1932 dictum,
278 1851 358 1934 quod
381 1869 437 1932 per
460 1868 494 1913 os
518 1856 686 1912 sanctorum
710 1848 922 1930 prophetarum
944 1846 1061 1909 locutus
1085 1851 1146 1923 est,
1173 1845 1223 1908 in-

127 1968 237 2050 pletum
267 1983 337 2029 esse
366 1964 541 2028 doceamus:
574 1964 731 2026 Sedectem
755 1964 909 2025 adversas
929 1960 1061 2039 fratrem
1083 1980 1173 2023 roam
1195 1969 1225 2022 et

127 2081 338 2143 detrahentem
367 2080 486 2142 oemrlte
513 2077 746 2160 persequebar5
765 2074 793 2160 ¹)
825 2082 855 2139 et
876 2076 961 2139 alibi:
996 2075 1070 2139 Noli
1094 2076 1225 2155 dilipere

128 2197 295 2258 detrudere
302 2241 312 2271 ,
344 2212 383 2255 ae
411 2192 600 2268 eradiceris,
617 2187 650 2273 ²)
681 2197 713 2253 ut
741 2191 920 2270 quicumque
948 2188 1028 2251 forte
1057 2185 1224 2250 huiusmodi

128 2315 232 2392 eaptus
256 2313 303 2371 est
324 2306 551 2385 cousuetudine,
575 2323 642 2367 cum
663 2304 772 2387 legerit
794 2303 921 2384 qualiter
939 2303 1030 2381 iniis,
1054 2304 1103 2383 qui
1120 2307 1223 2365 sancto

126 2423 192 2486 viro
217 2421 377 2485 detrahere
401 2423 465 2483 ausi
489 2425 566 2499 sunt,
590 2418 679 2481 luerit
700 2417 889 2497 vindicatum,
913 2417 978 2498 ipse
1001 2417 1087 2478 etiam
1112 2416 1142 2478 in
1160 2415 1225 2477 aliis

128 2537 312 2601 emendetur.

215 2649 266 2716 54.
311 2651 403 2734 Igitur
418 2651 551 2713 Donatus
574 2648 690 2730 quidam
707 2649 827 2712 natione
843 2646 927 2726 Afer,
951 2646 1112 2728 presbyter
1127 2650 1225 2706 tamen

128 2767 277 2830 ecclesiae
291 2766 534 2844 Mediolanensis,
556 2783 623 2827 cum
645 2766 675 2826 in
699 2765 839 2828 convivio
862 2763 987 2845 positus,
1010 2761 1039 2822 in
1064 2763 1226 2841 quoerant

127 2881 262 2945 nonnulli
285 2882 425 2944 militares
445 2883 500 2944 viri
516 2882 661 2965 religiosi,
686 2881 856 2944 detraheret
871 2879 1032 2943 memoriae
1048 2877 1224 2956 sacerdotis,

128 2996 356 3078 aspernantibus
389 2996 446 3058 illis
480 3001 510 3058 ct
543 2996 749 3059 deserentibus
782 2996 913 3080 linguam
946 3013 1090 3074 nequam,
1127 2994 1225 3056 subito

128 3110 255 3173 vulnere
278 3127 440 3193 percussus
463 3112 548 3194 gravi
571 3110 608 3173 de
629 3110 734 3174 ecdem
749 3111 829 3189 loco,
852 3111 882 3172 in
898 3127 957 3192 qno
974 3108 1098 3186 iacebat,
1122 3106 1225 3168 alienis

129 3223 263 3285 manibus
294 3223 426 3286 sublatus
457 3224 487 3284 in
518 3223 656 3285 lectulum
686 3223 801 3304 positus
833 3228 878 3284 est
908 3227 997 3303 atque
1020 3221 1089 3284 inde
1111 3218 1147 3283 ad
1171 3237 1225 3282 se-

128 3337 284 3418 pulchrum
307 3354 403 3418 nsque
428 3336 579 3400 deductus.
624 3338 656 3399 ln
684 3339 758 3401 urbe
789 3338 875 3400 etiam
898 3337 1136 3419 Karthaginiensi
1160 3353 1225 3397 cum

129 3450 209 3533 apud
238 3452 430 3515 Fortunatum
464 3453 634 3532 diaconem,
667 3452 788 3516 fratrem
818 3452 996 3514 venerabilis
1027 3451 1083 3512 viri
1112 3448 1226 3512 Aurelii

130 3567 275 3649 episcopi,
299 3565 335 3629 ad
358 3568 527 3630 convivium
549 3568 759 3630 convenissem
781 3586 839 3630 nna
861 3586 928 3630 cum
944 3566 1100 3628 Vincentio
1117 3564 1226 3628 Colos-

130 3681 228 3744 sitano
253 3682 406 3763 episcopo,
430 3682 555 3744 Murano
579 3682 664 3744 etiam
689 3682 832 3763 episcopo
855 3681 1007 3760 bolitano,
1032 3679 1085 3743 sed
1110 3685 1139 3741 et
1161 3678 1226 3741 aliis

131 3795 282 3876 episcopis
318 3802 348 3856 et
386 3794 577 3876 diaconibus,
614 3805 684 3860 tunc
719 3797 843 3859 Murano
881 3797 1023 3878 episcopo
1062 3793 1229 3857 detrahenti

131 3917 236 3973 sancto
261 3911 327 3973 viro
351 3911 437 3974 retuli
462 3913 572 3974 exitum
595 3913 765 3995 presbyteri
788 3913 925 3993 superius
948 3910 1118 3988 memorati,
1147 3907 1226 3990 quod

203 4152 231 4222 l)
249 4151 341 4207 Psalm.
362 4151 421 4220 too,
439 4153 464 4205 5.
535 4150 565 4221 2)
583 4149 657 4206 Ριοι.
676 4150 720 4218 ab,
742 4151 782 4203 13.
