2692 4666
367 326 413 384 ne
431 326 569 383 oremus
587 326 813 404 umrsraonuu
830 326 926 382 nmen
944 326 975 382 u
1053 299 1055 303 ’
1158 332 1221 401 let

116 489 255 553 Fuerunt
276 495 373 552 amen
397 487 448 569 qui
470 495 500 550 et
522 504 599 568 quos
615 485 762 550 ecclesiae
777 486 978 570 redemerunt,
1002 489 1031 552 in
1048 491 1221 556 servitutem

93 653 97 656 .
122 618 271 664 revocare
292 600 414 677 vellent,
437 600 500 681 ipsa
520 599 679 682 graviores
696 599 875 680 captivitate,
898 601 948 681 qui
963 602 1130 666 inviderent
1144 604 1222 668 alie·

120 731 190 776 nam
211 712 455 779 misericordiam.
492 711 551 794 Ipsi
574 712 601 775 si
622 712 652 774 in
673 712 872 793 captivitatem
886 715 1050 794 venissent,
1073 718 1223 780 servirent

121 825 228 902 liberi3
250 825 402 888 sivenditi
418 823 553 902 fuissent,
575 825 728 887 servitutis
744 824 936 887 ministerium
953 844 1014 889 nou
1029 837 1205 892 recusarent
1210 849 1221 907 3

118 944 152 1001 et
174 937 280 1000 volunt
301 938 427 1001 adenem
449 937 616 1000 libertatern
637 936 830 1016 rescindere,
864 939 914 1018 qui
941 956 1026 1001 suam
1048 943 1222 1008 servitutem

119 1066 183 1112 non
205 1055 331 1131 possem
353 1048 547 1141 rescindere,
580 1049 638 1111 nisi
668 1048 749 1112 forle
777 1050 905 1130 pretium
935 1051 1072 1132 recipere
1097 1057 1222 1136 emptori

120 1141 272 1241 placereip
294 1162 324 1225 in
346 1178 407 1242 quo
430 1169 528 1223 tamen
551 1178 614 1224 non
629 1159 810 1224 rescinditur
825 1161 965 1240 servitus,
989 1164 1043 1226 sed
1058 1165 1222 1231 redimitur.

212 1271 262 1336 71.
305 1273 469 1353 Praecipua
491 1279 539 1335 est
559 1273 651 1355 igitur
672 1273 841 1352 liberalitas,
864 1271 1014 1337 redimere
1036 1278 1170 1357 captivos
1193 1286 1224 1343 et

119 1387 249 1450 mardrne
277 1386 314 1449 ab
345 1386 433 1448 hoste
461 1387 608 1463 barbaro,
641 1387 693 1466 qui
721 1386 793 1458 nihil
822 1385 938 1448 delerat
968 1387 1155 1453 humanitatis
1184 1391 1223 1454 ad

121 1492 367 1576 misericordam,
390 1499 448 1560 nisi
466 1497 549 1579 quod
563 1498 684 1561 avaritia
698 1476 902 1561 reservaverit
916 1499 953 1561 ad
968 1498 1221 1581 redemptionem

122 1627 175 1674 aes
199 1610 328 1673 alienum
349 1611 467 1688 subire,
497 1612 523 1672 si
546 1609 664 1672 debitor
686 1609 831 1675 solvendo
854 1628 915 1672 non
938 1612 976 1673 sit
998 1619 1087 1693 atque
1110 1620 1223 1677 artetur

122 1723 159 1788 ad
182 1722 374 1803 solodonem,
397 1742 475 1804 qnae
494 1724 533 1786 sit
551 1724 617 1786 iure
637 1722 735 1787 debita
751 1730 781 1786 et
796 1724 896 1805 inopia
913 1724 1067 1802 destituta3
1091 1727 1223 1789 enutrire

121 1837 276 1919 parvulos,
299 1836 427 1919 pupillos
451 1836 537 1909 meri
778 1812 781 1821 “

211 1935 263 2012 72.
306 1950 382 2015 Sunt
404 1949 492 2012 etiam
515 1950 569 2029 qui⁴
588 1948 723 2029 virgines
746 1949 865 2010 orbatas
892 1949 1064 2029 parentibus
1094 1949 1223 2014 tuendae

121 2061 283 2145 pudicitiae
304 2062 399 2144 gratia
422 2061 551 2124 conubio
575 2060 693 2138 locent,
715 2077 774 2122 nec
796 2060 892 2122 solum
914 2059 1031 2140 studio,
1057 2060 1112 2124 sed
1134 2062 1224 2124 etiam

123 2180 242 2256 sumptu
274 2173 424 2237 adiuvent.
468 2173 521 2236 Est
554 2173 641 2236 etiarn
675 2189 773 2254 genus
804 2169 876 2234 illud
908 2172 1108 2251 liberalitatis,
1142 2172 1223 2254 quod

123 2286 278 2367 apostolus
302 2285 406 2349 docet:
426 2282 454 2368 ¹)
479 2287 518 2348 Ut
538 2287 569 2348 si
591 2287 662 2365 qais
682 2285 787 2365 fidelia
807 2285 900 2347 babet
921 2285 1048 2362 viduas,
1071 2285 1223 2349 submini-

123 2408 203 2465 stret
223 2401 301 2478 tttts,
325 2409 360 2463 ct
380 2418 488 2463 earam
510 2399 671 2463 alimoniis
686 2399 832 2463 Ecclesia
849 2418 915 2462 non
927 2406 1089 2480 procetur,
1112 2406 1147 2461 at
1161 2400 1223 2478 bie,

124 2529 205 2592 patae
225 2530 299 2575 cece
319 2513 434 2579 vidaon
456 2521 540 2589 sant,
563 2511 710 2593 eastimet.

210 2619 265 2689 73.
303 2621 386 2691 Utilis
408 2623 500 2705 igitur
522 2620 689 2710 buiusmodi
711 2619 882 2698 liberalitas,
905 2619 960 2682 sed
982 2637 1043 2683 non
1060 2621 1223 2684 communis

124 2731 273 2796 omnibus.
309 2732 384 2799 Sunt
405 2734 484 2797 enim
506 2733 643 2814 plerique
666 2734 754 2796 etiam
777 2732 834 2794 viri
855 2731 937 2811 boni,
960 2732 1011 2812 qui
1033 2739 1140 2796 tenues
1154 2738 1224 2797 sunt

123 2860 237 2922 ceusu,
266 2846 400 2911 contendi
422 2844 540 2926 qudem
564 2845 677 2927 exiguo
699 2843 805 2907 adsui
827 2861 932 2923 usum,
962 2842 1017 2907 sed
1039 2861 1100 2909 non
1122 2841 1224 2909 idonei

123 2955 162 3021 ad
180 2955 349 3029 ‚subsidium
370 2955 517 3025 terendae
531 2957 715 3038 paupertatis
731 2956 863 3033 alienam
885 2961 985 3019 tamen
1000 2957 1130 3038 suppetit
1144 2956 1223 3020 aliud

122 3069 340 3139 mammatae
362 3086 470 3153 penus,
496 3086 557 3149 quo
579 3069 685 3132 iuvare
707 3069 823 3149 possint
845 3068 1026 3132 inferiorem.
1070 3067 1124 3131 Est
1145 3068 1223 3133 enirn

122 3180 237 3265 duplex
256 3181 437 3259 liberalitas;
458 3199 529 3260 una,
551 3199 629 3262 quae
651 3180 785 3245 subsidio
807 3181 854 3243 rei
875 3179 1010 3258 adiuvat,
1033 3180 1063 3245 id
1087 3185 1143 3258 est
1166 3197 1224 3245 usu

122 3293 290 3374 pecuniee3
321 3294 431 3372 altera,
462 3311 541 3374 quae
568 3310 694 3374 operum
722 3291 891 3355 conlatione
913 3289 1100 3373 inpenditur,
1131 3291 1222 3357 multo

121 3405 298 3486 frequenter
318 3404 506 3486 splendidior
526 3405 680 3486 multoque
703 3403 821 3468 clarior.

212 3513 263 3581 74.
308 3517 426 3592 Quanto
453 3517 606 3583 inlustrius
628 3515 779 3581 Abrabam
794 3511 827 3597 ²)
854 3519 970 3596 captum
1000 3515 1089 3578 armis
1117 3514 1223 3578 victri-

123 3630 208 3693 cibus
237 3630 353 3711 reeepit
377 3635 535 3711 nepotem,
565 3647 654 3711 qum
682 3630 709 3693 si
733 3626 937 3692 redemisset?
981 3625 1100 3699 aueum
1122 3625 1222 3691 utilius

121 3757 228 3822 regem
243 3738 429 3811 Pharaonem
450 3745 571 3807 saucms
586 3736 739 3824 losepb³)
762 3733 887 3803 cdnsilio
909 3735 1117 3820 providentiae
1137 3737 1222 3817 iuvit,

120 3869 211 3933 wem
234 3852 261 3921 si
281 3852 458 3925 contulimet
485 3852 669 3933 pecuniam?
712 3851 840 3917 Pecunia
871 3850 950 3915 enim
977 3850 1066 3915 unius
1097 3851 1222 3917 civitatis

123 4002 334 4019 -ιι-υ-συιι-ιιιι
348 4004 352 4009 ·

129 4067 133 4073 ’
194 4089 450 4172 ipsumam.
522 4091 785 4161 apamiam.
856 4088 1156 4162 spumantem.

937 4185 1013 4252 10·
