2692 4666
138 335 181 402 38
585 325 787 385 ommonem

229 492 276 560 19.
319 494 361 556 lta
389 493 437 573 tit,
472 497 503 556 ut
535 494 622 556 etiam
655 491 845 556 humilitatem
877 491 1031 556 custodiat
1077 489 1108 555 Si
1139 497 1236 555 autem

69 630 78 647 ·
139 605 213 668 nolit
240 604 377 666 humilior
404 603 516 684 videri,
547 604 615 666 talia
644 610 748 667 tractat
780 610 810 667 et
840 603 909 668 dicit
938 608 1004 688 ipse
1034 621 1153 669 mcum:
1181 604 1237 667 Hic

95 724 106 749 ³
140 736 232 803 erpo,
263 725 295 780 ut
323 735 371 780 me
400 700 570 782 contemnat
599 724 628 782 et
657 720 687 781 in
718 725 881 800 conspectu
909 736 978 782 meo
1005 719 1145 800 loquatur
1167 718 1237 783 talia

140 834 298 897 adversum
320 852 384 913 me,
414 834 499 914 quasi
528 851 588 897 non
613 833 725 915 possim
755 850 813 915 ego
844 832 873 894 ei
901 833 1019 914 aperire
1050 849 1086 895 os
1113 832 1235 894 meum‘t

142 948 202 1011 Cur
223 965 285 1010 uon
308 947 395 1010 etiam
418 965 477 1029 ego
501 946 605 1027 dicam,
628 948 659 1009 in
681 947 872 1027 quibuscum
887 946 1082 1014 maestificare
1097 945 1235 1026 possim?

141 1061 195 1124 Hic
218 1079 311 1143 ergo,
342 1067 374 1123 ut
395 1061 464 1123 mihi
487 1061 610 1124 iniurias
632 1060 736 1139 faciat,
767 1061 851 1142 quasi
881 1061 927 1122 vir
956 1079 1018 1124 uon
1045 1059 1119 1138 sim,
1150 1058 1237 1140 quasi

141 1175 293 1238 vindicare
315 1192 362 1236 me
385 1191 445 1238 nen
467 1176 608 1257 possim‘l
652 1176 716 1255 llio,
738 1182 770 1238 ut
792 1194 840 1237 me
863 1175 1045 1253 criminetur,
1068 1173 1152 1254 quasi
1176 1190 1235 1255 ego

142 1307 203 1352 non
226 1289 337 1371 possim
359 1287 500 1370 graviora
523 1288 552 1349 in
576 1306 643 1350 eum
667 1287 865 1369 conponeret

231 1401 281 1466 20.
328 1401 385 1474 Oui
407 1403 473 1465 talia
496 1402 566 1466 dicit
587 1421 647 1466 non
671 1409 716 1466 est
739 1403 815 1466 mitis
837 1409 927 1484 atque
950 1403 1083 1483 humilis,
1106 1419 1167 1464 non
1191 1407 1236 1464 est

143 1516 208 1580 sine
231 1517 431 1597 temptatione.
476 1518 648 1599 Temptator
669 1535 737 1580 eum
760 1517 909 1600 exagitat,
931 1516 996 1598 ipse
1019 1517 1047 1579 ei
1069 1515 1142 1578 tales
1166 1516 1236 1596 opi-

143 1631 250 1694 niones
284 1631 395 1692 inserit.
450 1631 626 1713 Plerumque
658 1632 777 1695 adhibet
808 1631 955 1695 hominem
991 1637 1081 1712 atque
1116 1629 1237 1711 adponit

144 1759 271 1822 nequam
294 1741 430 1822 spiritus,
461 1744 512 1823 qui
533 1743 609 1806 haec
636 1743 676 1806 illi
702 1743 797 1822 dicat3
827 1742 882 1807 sed
912 1750 944 1807 tu
972 1746 1002 1807 in
1033 1750 1117 1824 petra
1146 1743 1235 1806 fixum

144 1855 302 1937 vestigium
324 1861 401 1917 tenc.
438 1855 501 1918 Etsi
524 1873 629 1920 servus
653 1857 813 1920 convitium
836 1857 921 1938 dicat,
944 1858 1039 1922 iustus
1062 1864 1140 1920 tacet
1146 1878 1156 1934 3
1180 1856 1236 1918 etsi

145 1970 275 2033 infirmus
291 1970 497 2034 contumeliam
512 1969 609 2050 faciat,
626 1971 721 2034 iustus
737 1978 830 2050 tacet3
854 1974 911 2035 etsi
927 1991 1040 2055 pauper
1054 1971 1234 2049 criminetur,

145 2086 239 2148 iustus
260 2103 322 2149 non
344 2081 514 2166 respondet.
550 2084 631 2146 liaeo
647 2090 715 2146 sunt
731 2101 811 2146 arma
827 2086 906 2163 iusti,
930 2090 960 2148 ut
977 2082 1112 2146 cedendo
1128 2083 1236 2162 vincat,

146 2199 223 2262 sicut
243 2199 330 2279 periti
350 2195 496 2260 iaculandi
518 2194 660 2259 cedentes
681 2197 780 2259 solent
799 2198 931 2278 vincere,
955 2203 983 2260 et
999 2196 1146 2283 fugientes
1160 2215 1236 2283 gra·

148 2313 280 2383 tionibus
302 2316 477 2395 sequentem
499 2311 659 2381 vuluemre
681 2311 793 2379 ictibua

562 2586 732 2656 CAPUT
764 2587 824 2656 VI.

148 2759 201 2815 Hac
225 2762 251 2813 in
275 2775 304 2812 re
328 2759 454 2814 stanuum
479 2764 554 2828 atque
578 2753 743 2806 humilitatem
761 2751 842 2805 David
867 2750 984 2804 tmtmnda
1008 2767 1084 2818 ease,
1113 2766 1146 2803 ne
1170 2752 1242 2822 digol

571 2841 705 2894 videamur
722 2842 816 2893 iniuria.

237 3010 288 3077 21.
328 3007 406 3085 Ouid
429 3007 506 3071 enim
530 3021 605 3087 opus
628 3010 673 3067 est
694 3002 818 3082 moveri,
843 3020 909 3065 cum
930 3000 1064 3065 audimus
1087 2999 1242 3063 convitia?

151 3129 211 3192 Gur
231 3145 293 3190 non
314 3126 459 3189 imitamur
481 3121 643 3186 dicentem:
670 3116 697 3202 ¹)
730 3116 874 3180 Obmotoi
906 3123 936 3178 et
965 3115 1145 3179 humiliator
1174 3132 1244 3176 eom

154 3251 183 3306 et
203 3242 279 3306 silut
301 3261 322 3304 o
343 3238 458 3302 loom?
502 3235 550 3299 An
572 3235 631 3297 hoc
654 3233 726 3296 dixit
748 3230 960 3310 tantummodo,
982 3248 1044 3294 non
1066 3228 1152 3292 ctiam
1172 3227 1245 3292 lecit

153 3356 274 3422 David?
290 3352 323 3439 ²)
366 3353 456 3415 immo
480 3356 511 3412 et
532 3349 610 3413 lecit.
655 3348 728 3410 Nam
757 3366 824 3410 oum
853 3347 881 3408 ei
911 3345 1122 3408 convitiaretur
1144 3343 1243 3409 Semai

154 3474 245 3553 filius,
268 3469 384 3533 tacebat
406 3464 518 3528 David:
549 3469 578 3527 et
601 3462 733 3545 quamvis
756 3467 876 3543 saeptus
900 3460 1036 3539 armatis,
1060 3464 1244 3523 nonretor-

156 3588 263 3671 quebat
286 3582 455 3660 convitium,
477 3596 539 3645 non
560 3578 700 3641 ultionem
722 3575 893 3656 quaerebat,
917 3591 955 3636 eo
975 3591 1070 3654 usque
1089 3579 1121 3635 ut
1136 3572 1246 3635 dicenti

157 3702 213 3766 sihi
227 3699 349 3766 Samiae
371 3696 442 3776 filio,
465 3693 543 3775 quod
566 3692 719 3756 vindicare
740 3692 770 3752 in
786 3708 853 3752 eum
867 3688 968 3767 vellet,
991 3705 1051 3750 non
1067 3687 1243 3769 permiserit.

157 3817 219 3880 lbat
242 3833 316 3899 ergo
339 3819 485 3892 umquam
508 3814 603 3872 mutus
626 3814 656 3869 et
678 3806 852 3885 humiliatus,
875 3805 935 3869 ibat
956 3809 1073 3882 tacens,
1096 3819 1153 3864 neo
1175 3819 1245 3864 mo-

159 3931 298 4010 vebatur,
331 3947 398 3992 cum
428 3926 473 3990 vir
501 3923 697 4009 appellaretur
728 3921 897 4006 sanguinis,
931 3920 982 4001 qui
1013 3924 1076 3981 erat
1107 3917 1245 3984 conscius

166 4083 365 4097 *uu-—

231 4171 259 4245 t]
276 4171 316 4227 Pa.
335 4170 378 4240 38,
396 4170 420 4223 3.
490 4172 519 4238 2)
537 4172 562 4227 2.
577 4170 640 4243 teg.
661 4168 702 4240 to,
722 4168 739 4224 7
756 4183 828 4246 seqq.
876 4224 885 4233 ,
