<?xml version="1.0" encoding="UTF-8"?>
<!DOCTYPE html PUBLIC "-//W3C//DTD XHTML 1.0 Transitional//EN"
    "http://www.w3.org/TR/xhtml1/DTD/xhtml1-transitional.dtd">
<html xmlns="http://www.w3.org/1999/xhtml" xml:lang="en" lang="en">
 <head>
  <title>
</title>
<meta http-equiv="Content-Type" content="text/html;charset=utf-8" />
  <meta name='ocr-system' content='tesseract 3.04.00' />
  <meta name='ocr-capabilities' content='ocr_page ocr_carea ocr_par ocr_line ocrx_word'/>
</head>
<body>
  <div class='ocr_page' id='page_1' title='image "./deofficiisminis00krabgoog_0030.png"; bbox 0 0 2692 4666; ppageno 0'>
   <div class='ocr_carea' id='block_1_1' title="bbox 570 362 1222 434">
    <p class='ocr_par' dir='ltr' id='par_1_1' title="bbox 570 362 1222 434">
     <span class='ocr_line' id='line_1_1' title="bbox 570 362 1222 434; baseline 0.005 -19"><span class='ocrx_word' id='word_1_1' title='bbox 570 362 594 417; x_wconf 87' lang='lat' dir='ltr'><strong>s.</strong></span> <span class='ocrx_word' id='word_1_2' title='bbox 613 362 777 418; x_wconf 82' lang='lat' dir='ltr'><strong>nuaaosn.</strong></span> <span class='ocrx_word' id='word_1_3' title='bbox 1181 369 1222 434; x_wconf 79' lang='lat'><strong>13</strong></span> 
     </span>
    </p>
   </div>
   <div class='ocr_carea' id='block_1_2' title="bbox 124 523 1223 1065">
    <p class='ocr_par' dir='ltr' id='par_1_2' title="bbox 124 523 1223 722">
     <span class='ocr_line' id='line_1_2' title="bbox 126 523 1223 608; baseline 0.004 -22"><span class='ocrx_word' id='word_1_4' title='bbox 126 523 166 587; x_wconf 91' lang='lat' dir='ltr'><strong>de</strong></span> <span class='ocrx_word' id='word_1_5' title='bbox 189 525 293 588; x_wconf 89' lang='lat' dir='ltr'><strong>baculo</strong></span> <span class='ocrx_word' id='word_1_6' title='bbox 318 543 432 605; x_wconf 91' lang='lat' dir='ltr'><strong>nuceo,</strong></span> <span class='ocrx_word' id='word_1_7' title='bbox 457 526 507 606; x_wconf 90' lang='lat' dir='ltr'><strong>qui</strong></span> <span class='ocrx_word' id='word_1_8' title='bbox 530 544 547 589; x_wconf 90' lang='lat' dir='ltr'><strong>a</strong></span> <span class='ocrx_word' id='word_1_9' title='bbox 569 527 714 608; x_wconf 90' lang='lat' dir='ltr'><strong>propheta</strong></span> <span class='ocrx_word' id='word_1_10' title='bbox 732 527 880 589; x_wconf 81' lang='lat' dir='ltr'><strong>Hieremia</strong></span> <span class='ocrx_word' id='word_1_11' title='bbox 903 527 986 590; x_wconf 91' lang='lat' dir='ltr'><strong>visus</strong></span> <span class='ocrx_word' id='word_1_12' title='bbox 1010 545 1079 590; x_wconf 91' lang='lat' dir='ltr'><strong>esse</strong></span> <span class='ocrx_word' id='word_1_13' title='bbox 1104 527 1223 591; x_wconf 90' lang='lat' dir='ltr'><strong>descri-</strong></span> 
     </span>
     <span class='ocr_line' id='line_1_3' title="bbox 124 638 264 722; baseline 0 -21"><span class='ocrx_word' id='word_1_14' title='bbox 124 639 213 701; x_wconf 85' lang='lat' dir='ltr'>bitur.</span> <span class='ocrx_word' id='word_1_15' title='bbox 234 638 264 722; x_wconf 87' lang='lat'><strong>¹)</strong></span> 
     </span>
    </p>

    <p class='ocr_par' dir='ltr' id='par_1_3' title="bbox 124 750 1222 1065">
     <span class='ocr_line' id='line_1_4' title="bbox 217 750 1222 834; baseline 0 -18"><span class='ocrx_word' id='word_1_16' title='bbox 217 751 267 816; x_wconf 77' lang='grc'><strong>24.</strong></span> <span class='ocrx_word' id='word_1_17' title='bbox 313 755 368 816; x_wconf 89' lang='lat' dir='ltr'><strong>Per</strong></span> <span class='ocrx_word' id='word_1_18' title='bbox 401 750 478 813; x_wconf 91' lang='lat' dir='ltr'><strong>idem</strong></span> <span class='ocrx_word' id='word_1_19' title='bbox 514 758 629 834; x_wconf 92' lang='lat' dir='ltr'><strong>tempus</strong></span> <span class='ocrx_word' id='word_1_20' title='bbox 664 771 753 817; x_wconf 92' lang='lat' dir='ltr'><strong>causa</strong></span> <span class='ocrx_word' id='word_1_21' title='bbox 787 753 1063 817; x_wconf 82' lang='lat' dir='ltr'><strong>Thessalonicensis</strong></span> <span class='ocrx_word' id='word_1_22' title='bbox 1097 753 1222 816; x_wconf 86' lang='lat' dir='ltr'><strong>civitatis</strong></span> 
     </span>
     <span class='ocr_line' id='line_1_5' title="bbox 124 868 1221 951; baseline 0 -22"><span class='ocrx_word' id='word_1_23' title='bbox 124 885 188 929; x_wconf 90' lang='lat' dir='ltr'><strong>non</strong></span> <span class='ocrx_word' id='word_1_24' title='bbox 219 869 335 929; x_wconf 91' lang='lat' dir='ltr'><strong>minima</strong></span> <span class='ocrx_word' id='word_1_25' title='bbox 366 869 512 930; x_wconf 90' lang='lat' dir='ltr'><strong>successit</strong></span> <span class='ocrx_word' id='word_1_26' title='bbox 542 869 691 931; x_wconf 89' lang='lat' dir='ltr'><strong>tribulatio</strong></span> <span class='ocrx_word' id='word_1_27' title='bbox 722 868 890 949; x_wconf 87' lang='lat' dir='ltr'><strong>sacerdoti,</strong></span> <span class='ocrx_word' id='word_1_28' title='bbox 925 887 990 931; x_wconf 91' lang='lat' dir='ltr'><strong>cum</strong></span> <span class='ocrx_word' id='word_1_29' title='bbox 1021 873 1117 951; x_wconf 86' lang='lat' dir='ltr'><strong>paene</strong></span> <span class='ocrx_word' id='word_1_30' title='bbox 1144 887 1221 931; x_wconf 87' lang='lat' dir='ltr'><strong>con-</strong></span> 
     </span>
     <span class='ocr_line' id='line_1_6' title="bbox 125 980 1222 1065; baseline 0.003 -22"><span class='ocrx_word' id='word_1_31' title='bbox 125 983 257 1063; x_wconf 77' lang='lat' dir='ltr'><strong>perisset</strong></span> <span class='ocrx_word' id='word_1_32' title='bbox 287 983 437 1044; x_wconf 87' lang='lat' dir='ltr'><strong>civitatem</strong></span> <span class='ocrx_word' id='word_1_33' title='bbox 468 980 594 1044; x_wconf 90' lang='lat' dir='ltr'><strong>deletam</strong></span> <span class='ocrx_word' id='word_1_34' title='bbox 602 1003 610 1058; x_wconf 91' lang='lat'>;</span> <span class='ocrx_word' id='word_1_35' title='bbox 641 984 819 1063; x_wconf 81' lang='lat' dir='ltr'><strong>promiserat</strong></span> <span class='ocrx_word' id='word_1_36' title='bbox 842 985 919 1046; x_wconf 90' lang='lat' dir='ltr'><strong>enim</strong></span> <span class='ocrx_word' id='word_1_37' title='bbox 943 984 983 1046; x_wconf 92' lang='lat' dir='ltr'><strong>illi</strong></span> <span class='ocrx_word' id='word_1_38' title='bbox 1006 985 1166 1065; x_wconf 91' lang='lat' dir='ltr'><strong>imperator</strong></span> <span class='ocrx_word' id='word_1_39' title='bbox 1187 1001 1222 1046; x_wconf 92' lang='lat' dir='ltr'><strong>se</strong></span> 
     </span>
    </p>
   </div>
   <div class='ocr_carea' id='block_1_3' title="bbox 123 1096 1336 1194">
    <p class='ocr_par' dir='ltr' id='par_1_4' title="bbox 123 1096 1336 1194">
     <span class='ocr_line' id='line_1_7' title="bbox 123 1096 1336 1194; baseline 0.004 -36"><span class='ocrx_word' id='word_1_40' title='bbox 123 1097 243 1159; x_wconf 88' lang='lat' dir='ltr'><strong>veniam</strong></span> <span class='ocrx_word' id='word_1_41' title='bbox 267 1096 401 1159; x_wconf 89' lang='lat' dir='ltr'><strong>daturum</strong></span> <span class='ocrx_word' id='word_1_42' title='bbox 424 1096 537 1159; x_wconf 88' lang='lat' dir='ltr'><strong>civibus</strong></span> <span class='ocrx_word' id='word_1_43' title='bbox 560 1114 649 1177; x_wconf 88' lang='lat' dir='ltr'><strong>supra</strong></span> <span class='ocrx_word' id='word_1_44' title='bbox 681 1097 777 1160; x_wconf 93' lang='lat' dir='ltr'><strong>dictae</strong></span> <span class='ocrx_word' id='word_1_45' title='bbox 808 1098 950 1176; x_wconf 92' lang='lat' dir='ltr'><strong>civitatis,</strong></span> <span class='ocrx_word' id='word_1_46' title='bbox 981 1099 1035 1161; x_wconf 94' lang='lat' dir='ltr'><strong>sed</strong></span> <span class='ocrx_word' id='word_1_47' title='bbox 1065 1100 1222 1181; x_wconf 86' lang='lat' dir='ltr'><strong>agentibus</strong></span> <span class='ocrx_word' id='word_1_48' title='bbox 1327 1175 1336 1194; x_wconf 30' lang='grc' dir='ltr'>ν</span> 
     </span>
    </p>
   </div>
   <div class='ocr_carea' id='block_1_4' title="bbox 123 1211 1223 1641">
    <p class='ocr_par' dir='ltr' id='par_1_5' title="bbox 123 1211 1223 1641">
     <span class='ocr_line' id='line_1_8' title="bbox 124 1211 1223 1296; baseline 0.003 -22"><span class='ocrx_word' id='word_1_49' title='bbox 124 1213 283 1275; x_wconf 75' lang='lat' dir='ltr'><strong>comitibus</strong></span> <span class='ocrx_word' id='word_1_50' title='bbox 308 1211 424 1274; x_wconf 86' lang='lat' dir='ltr'><strong>occulte</strong></span> <span class='ocrx_word' id='word_1_51' title='bbox 447 1230 514 1274; x_wconf 91' lang='lat' dir='ltr'><strong>cum</strong></span> <span class='ocrx_word' id='word_1_52' title='bbox 537 1214 733 1294; x_wconf 82' lang='lat' dir='ltr'><strong>imperatore,</strong></span> <span class='ocrx_word' id='word_1_53' title='bbox 763 1213 922 1294; x_wconf 82' lang='lat' dir='ltr'><strong>ignorante</strong></span> <span class='ocrx_word' id='word_1_54' title='bbox 944 1214 1103 1278; x_wconf 84' lang='lat' dir='ltr'><strong>sacerdote</strong></span> <span class='ocrx_word' id='word_1_55' title='bbox 1126 1233 1223 1296; x_wconf 90' lang='lat' dir='ltr'><strong>usque</strong></span> 
     </span>
     <span class='ocr_line' id='line_1_9' title="bbox 123 1326 1222 1412; baseline 0.005 -24"><span class='ocrx_word' id='word_1_56' title='bbox 123 1328 155 1389; x_wconf 93' lang='lat' dir='ltr'><strong>in</strong></span> <span class='ocrx_word' id='word_1_57' title='bbox 177 1326 282 1389; x_wconf 91' lang='lat' dir='ltr'><strong>horam</strong></span> <span class='ocrx_word' id='word_1_58' title='bbox 314 1328 428 1388; x_wconf 91' lang='lat' dir='ltr'><strong>tertiam</strong></span> <span class='ocrx_word' id='word_1_59' title='bbox 460 1328 560 1409; x_wconf 85' lang='lat' dir='ltr'><strong>gladio</strong></span> <span class='ocrx_word' id='word_1_60' title='bbox 592 1330 696 1391; x_wconf 89' lang='lat' dir='ltr'><strong>civitas</strong></span> <span class='ocrx_word' id='word_1_61' title='bbox 720 1335 767 1391; x_wconf 92' lang='lat' dir='ltr'><strong>est</strong></span> <span class='ocrx_word' id='word_1_62' title='bbox 789 1329 896 1392; x_wconf 89' lang='lat' dir='ltr'><strong>donata</strong></span> <span class='ocrx_word' id='word_1_63' title='bbox 919 1336 1008 1410; x_wconf 88' lang='lat' dir='ltr'><strong>atque</strong></span> <span class='ocrx_word' id='word_1_64' title='bbox 1032 1331 1149 1412; x_wconf 89' lang='lat' dir='ltr'><strong>plurimi</strong></span> <span class='ocrx_word' id='word_1_65' title='bbox 1171 1332 1222 1393; x_wconf 94' lang='lat' dir='ltr'><strong>in-</strong></span> 
     </span>
     <span class='ocr_line' id='line_1_10' title="bbox 123 1442 1222 1528; baseline 0.005 -25"><span class='ocrx_word' id='word_1_66' title='bbox 123 1443 265 1521; x_wconf 89' lang='lat' dir='ltr'><strong>terempti</strong></span> <span class='ocrx_word' id='word_1_67' title='bbox 302 1442 488 1505; x_wconf 89' lang='lat' dir='ltr'><strong>innocentes.</strong></span> <span class='ocrx_word' id='word_1_68' title='bbox 540 1444 626 1517; x_wconf 80' lang='lat' dir='ltr'><strong>Quod</strong></span> <span class='ocrx_word' id='word_1_69' title='bbox 665 1444 773 1507; x_wconf 86' lang='lat' dir='ltr'><strong>iactum</strong></span> <span class='ocrx_word' id='word_1_70' title='bbox 807 1446 857 1507; x_wconf 92' lang='lat' dir='ltr'><strong>ubi</strong></span> <span class='ocrx_word' id='word_1_71' title='bbox 891 1446 1032 1528; x_wconf 87' lang='lat' dir='ltr'><strong>cognovit</strong></span> <span class='ocrx_word' id='word_1_72' title='bbox 1069 1445 1222 1523; x_wconf 88' lang='lat' dir='ltr'><strong>sacerdos,</strong></span> 
     </span>
     <span class='ocr_line' id='line_1_11' title="bbox 123 1557 1221 1641; baseline 0.004 -23"><span class='ocrx_word' id='word_1_73' title='bbox 123 1557 242 1636; x_wconf 89' lang='lat' dir='ltr'><strong>copiam</strong></span> <span class='ocrx_word' id='word_1_74' title='bbox 270 1557 441 1638; x_wconf 87' lang='lat' dir='ltr'><strong>imperatori</strong></span> <span class='ocrx_word' id='word_1_75' title='bbox 467 1557 655 1639; x_wconf 88' lang='lat' dir='ltr'><strong>ingrediendi</strong></span> <span class='ocrx_word' id='word_1_76' title='bbox 678 1559 835 1622; x_wconf 89' lang='lat' dir='ltr'><strong>ecclesiam</strong></span> <span class='ocrx_word' id='word_1_77' title='bbox 859 1558 1037 1641; x_wconf 83' lang='lat' dir='ltr'><strong>denegavit,</strong></span> <span class='ocrx_word' id='word_1_78' title='bbox 1061 1577 1118 1622; x_wconf 91' lang='lat' dir='ltr'><strong>neo</strong></span> <span class='ocrx_word' id='word_1_79' title='bbox 1140 1561 1221 1641; x_wconf 92' lang='lat' dir='ltr'><strong>prius</strong></span> 
     </span>
    </p>
   </div>
   <div class='ocr_carea' id='block_1_5' title="bbox 124 1670 1337 1752">
    <p class='ocr_par' dir='ltr' id='par_1_6' title="bbox 124 1670 1337 1752">
     <span class='ocr_line' id='line_1_12' title="bbox 124 1670 1337 1752; baseline 0.002 -20"><span class='ocrx_word' id='word_1_80' title='bbox 124 1670 248 1752; x_wconf 90' lang='lat' dir='ltr'><strong>dignum</strong></span> <span class='ocrx_word' id='word_1_81' title='bbox 283 1670 422 1733; x_wconf 89' lang='lat' dir='ltr'><strong>iudicavit</strong></span> <span class='ocrx_word' id='word_1_82' title='bbox 458 1677 545 1734; x_wconf 89' lang='lat' dir='ltr'><strong>coetu</strong></span> <span class='ocrx_word' id='word_1_83' title='bbox 583 1672 731 1735; x_wconf 89' lang='lat' dir='ltr'><strong>ecclesiae</strong></span> <span class='ocrx_word' id='word_1_84' title='bbox 765 1674 813 1735; x_wconf 88' lang='lat' dir='ltr'><strong>vel</strong></span> <span class='ocrx_word' id='word_1_85' title='bbox 848 1678 1101 1736; x_wconf 89' lang='lat' dir='ltr'><strong>sacramentorum</strong></span> <span class='ocrx_word' id='word_1_86' title='bbox 1135 1691 1221 1734; x_wconf 91' lang='lat' dir='ltr'><strong>com·</strong></span> <span class='ocrx_word' id='word_1_87' title='bbox 1333 1676 1337 1686; x_wconf 82' lang='grc'><em>“</em></span> 
     </span>
    </p>
   </div>
   <div class='ocr_carea' id='block_1_6' title="bbox 120 1786 1308 4033">
    <p class='ocr_par' dir='ltr' id='par_1_7' title="bbox 122 1786 1308 2534">
     <span class='ocr_line' id='line_1_13' title="bbox 122 1786 1221 1869; baseline 0.002 -23"><span class='ocrx_word' id='word_1_88' title='bbox 122 1786 284 1863; x_wconf 90' lang='lat' dir='ltr'><strong>munione,</strong></span> <span class='ocrx_word' id='word_1_89' title='bbox 317 1803 405 1864; x_wconf 88' lang='lat' dir='ltr'><strong>quarn</strong></span> <span class='ocrx_word' id='word_1_90' title='bbox 428 1786 575 1866; x_wconf 88' lang='lat' dir='ltr'><strong>publicam</strong></span> <span class='ocrx_word' id='word_1_91' title='bbox 598 1793 704 1869; x_wconf 88' lang='lat' dir='ltr'><strong>ageret</strong></span> <span class='ocrx_word' id='word_1_92' title='bbox 726 1788 942 1868; x_wconf 86' lang='lat' dir='ltr'><strong>paenitentiam.</strong></span> <span class='ocrx_word' id='word_1_93' title='bbox 986 1788 1038 1850; x_wconf 88' lang='lat' dir='ltr'><strong>Cui</strong></span> <span class='ocrx_word' id='word_1_94' title='bbox 1061 1788 1221 1868; x_wconf 89' lang='lat' dir='ltr'><strong>imperator</strong></span> 
     </span>
     <span class='ocr_line' id='line_1_14' title="bbox 124 1898 1222 1983; baseline 0.001 -22"><span class='ocrx_word' id='word_1_95' title='bbox 124 1906 230 1962; x_wconf 88' lang='lat' dir='ltr'><strong>contra</strong></span> <span class='ocrx_word' id='word_1_96' title='bbox 261 1898 420 1962; x_wconf 87' lang='lat' dir='ltr'><strong>adserebat</strong></span> <span class='ocrx_word' id='word_1_97' title='bbox 441 1899 536 1961; x_wconf 89' lang='lat' dir='ltr'><strong>David</strong></span> <span class='ocrx_word' id='word_1_98' title='bbox 565 1902 740 1963; x_wconf 88' lang='lat' dir='ltr'><strong>adulterium</strong></span> <span class='ocrx_word' id='word_1_99' title='bbox 767 1901 905 1964; x_wconf 91' lang='lat' dir='ltr'><strong>simulet</strong></span> <span class='ocrx_word' id='word_1_100' title='bbox 930 1901 1118 1965; x_wconf 88' lang='lat' dir='ltr'><strong>homicidium</strong></span> <span class='ocrx_word' id='word_1_101' title='bbox 1146 1920 1222 1983; x_wconf 91' lang='lat' dir='ltr'><strong>per-</strong></span> 
     </span>
     <span class='ocr_line' id='line_1_15' title="bbox 122 2010 1220 2096; baseline 0.001 -21"><span class='ocrx_word' id='word_1_102' title='bbox 122 2010 317 2096; x_wconf 64' lang='lat' dir='ltr'><strong>petrassel)</strong></span> <span class='ocrx_word' id='word_1_103' title='bbox 362 2012 421 2077; x_wconf 88' lang='lat' dir='ltr'><strong>Sed</strong></span> <span class='ocrx_word' id='word_1_104' title='bbox 445 2031 622 2096; x_wconf 89' lang='lat' dir='ltr'><strong>responsum</strong></span> <span class='ocrx_word' id='word_1_105' title='bbox 644 2015 712 2078; x_wconf 94' lang='lat' dir='ltr'><strong>ilico</strong></span> <span class='ocrx_word' id='word_1_106' title='bbox 731 2021 793 2078; x_wconf 90' lang='lat' dir='ltr'><strong>est:</strong></span> <span class='ocrx_word' id='word_1_107' title='bbox 822 2015 882 2089; x_wconf 79' lang='lat' dir='ltr'><strong>Qut</strong></span> <span class='ocrx_word' id='word_1_108' title='bbox 904 2025 1027 2079; x_wconf 85' lang='lat' dir='ltr'><strong>seculus</strong></span> <span class='ocrx_word' id='word_1_109' title='bbox 1052 2036 1084 2078; x_wconf 87' lang='lat' dir='ltr'><strong>es</strong></span> <span class='ocrx_word' id='word_1_110' title='bbox 1108 2034 1220 2077; x_wconf 73' lang='lat' dir='ltr'><strong>emon-</strong></span> 
     </span>
     <span class='ocr_line' id='line_1_16' title="bbox 123 2131 1221 2210; baseline 0.002 -20"><span class='ocrx_word' id='word_1_111' title='bbox 123 2138 201 2206; x_wconf 84' lang='lat' dir='ltr'><strong>tem,</strong></span> <span class='ocrx_word' id='word_1_112' title='bbox 234 2149 363 2210; x_wconf 79' lang='lat' dir='ltr'><strong>sequere</strong></span> <span class='ocrx_word' id='word_1_113' title='bbox 391 2131 604 2210; x_wconf 72' lang='lat' dir='ltr'><strong>corrigentem.</strong></span> <span class='ocrx_word' id='word_1_114' title='bbox 650 2132 737 2204; x_wconf 82' lang='lat' dir='ltr'><strong>Quod</strong></span> <span class='ocrx_word' id='word_1_115' title='bbox 761 2132 812 2194; x_wconf 92' lang='lat' dir='ltr'><strong>ubi</strong></span> <span class='ocrx_word' id='word_1_116' title='bbox 835 2131 946 2195; x_wconf 88' lang='lat' dir='ltr'><strong>audivit</strong></span> <span class='ocrx_word' id='word_1_117' title='bbox 974 2131 1221 2193; x_wconf 90' lang='lat' dir='ltr'><strong>clementissimus</strong></span> 
     </span>
     <span class='ocr_line' id='line_1_17' title="bbox 123 2244 1221 2328; baseline -0.001 -23"><span class='ocrx_word' id='word_1_118' title='bbox 123 2244 305 2324; x_wconf 88' lang='lat' dir='ltr'><strong>imperator,</strong></span> <span class='ocrx_word' id='word_1_119' title='bbox 335 2245 374 2306; x_wconf 92' lang='lat' dir='ltr'><strong>ita</strong></span> <span class='ocrx_word' id='word_1_120' title='bbox 394 2247 527 2327; x_wconf 88' lang='lat' dir='ltr'><strong>suscepit</strong></span> <span class='ocrx_word' id='word_1_121' title='bbox 550 2247 665 2324; x_wconf 91' lang='lat' dir='ltr'><strong>animo,</strong></span> <span class='ocrx_word' id='word_1_122' title='bbox 697 2253 729 2308; x_wconf 92' lang='lat' dir='ltr'><strong>ut</strong></span> <span class='ocrx_word' id='word_1_123' title='bbox 752 2247 898 2328; x_wconf 89' lang='lat' dir='ltr'><strong>publicam</strong></span> <span class='ocrx_word' id='word_1_124' title='bbox 928 2245 1137 2327; x_wconf 89' lang='lat' dir='ltr'><strong>paenitentiam</strong></span> <span class='ocrx_word' id='word_1_125' title='bbox 1159 2260 1221 2304; x_wconf 94' lang='lat' dir='ltr'><strong>non</strong></span> 
     </span>
     <span class='ocr_line' id='line_1_18' title="bbox 123 2356 1308 2441; baseline -0.003 -20"><span class='ocrx_word' id='word_1_126' title='bbox 123 2357 319 2437; x_wconf 86' lang='lat' dir='ltr'><strong>abhorreret,</strong></span> <span class='ocrx_word' id='word_1_127' title='bbox 351 2359 434 2421; x_wconf 92' lang='lat' dir='ltr'><strong>cuius</strong></span> <span class='ocrx_word' id='word_1_128' title='bbox 459 2360 656 2422; x_wconf 88' lang='lat' dir='ltr'><strong>correctionis</strong></span> <span class='ocrx_word' id='word_1_129' title='bbox 678 2360 832 2441; x_wconf 86' lang='lat' dir='ltr'><strong>proiectus</strong></span> <span class='ocrx_word' id='word_1_130' title='bbox 863 2358 1023 2424; x_wconf 90' lang='lat' dir='ltr'><strong>secundam</strong></span> <span class='ocrx_word' id='word_1_131' title='bbox 1045 2358 1085 2421; x_wconf 95' lang='lat' dir='ltr'><strong>illi</strong></span> <span class='ocrx_word' id='word_1_132' title='bbox 1107 2356 1222 2438; x_wconf 89' lang='lat' dir='ltr'><strong>paravit</strong></span> <span class='ocrx_word' id='word_1_133' title='bbox 1305 2362 1308 2365; x_wconf 77' lang='grc'><strong>’</strong></span> 
     </span>
     <span class='ocr_line' id='line_1_19' title="bbox 124 2472 289 2534; baseline -0.006 0"><span class='ocrx_word' id='word_1_134' title='bbox 124 2472 289 2534; x_wconf 84' lang='lat' dir='ltr'><strong>victoriam.</strong></span> 
     </span>
    </p>

    <p class='ocr_par' dir='ltr' id='par_1_8' title="bbox 122 2565 1221 3690">
     <span class='ocr_line' id='line_1_20' title="bbox 211 2565 1221 2670; baseline -0.004 -21"><span class='ocrx_word' id='word_1_135' title='bbox 211 2584 263 2649; x_wconf 79' lang='lat'><strong>25.</strong></span> <span class='ocrx_word' id='word_1_136' title='bbox 308 2587 365 2648; x_wconf 90' lang='lat' dir='ltr'><strong>Per</strong></span> <span class='ocrx_word' id='word_1_137' title='bbox 398 2587 479 2656; x_wconf 90' lang='lat' dir='ltr'><strong>idem</strong></span> <span class='ocrx_word' id='word_1_138' title='bbox 508 2595 622 2670; x_wconf 91' lang='lat' dir='ltr'><strong>tempus</strong></span> <span class='ocrx_word' id='word_1_139' title='bbox 653 2588 711 2651; x_wconf 92' lang='lat' dir='ltr'><strong>duo</strong></span> <span class='ocrx_word' id='word_1_140' title='bbox 745 2587 940 2670; x_wconf 87' lang='lat' dir='ltr'><strong>potentissimi</strong></span> <span class='ocrx_word' id='word_1_141' title='bbox 963 2594 993 2649; x_wconf 93' lang='lat' dir='ltr'><strong>et</strong></span> <span class='ocrx_word' id='word_1_142' title='bbox 1015 2565 1221 2666; x_wconf 85' lang='lat' dir='ltr'><strong>sapientissimi</strong></span> 
     </span>
     <span class='ocr_line' id='line_1_21' title="bbox 124 2696 1221 2765; baseline -0.003 -1"><span class='ocrx_word' id='word_1_143' title='bbox 124 2701 183 2764; x_wconf 86' lang='lat' dir='ltr'><strong>viri</strong></span> <span class='ocrx_word' id='word_1_144' title='bbox 206 2701 364 2763; x_wconf 89' lang='lat' dir='ltr'><strong>Persarum</strong></span> <span class='ocrx_word' id='word_1_145' title='bbox 387 2700 423 2763; x_wconf 90' lang='lat' dir='ltr'><strong>ad</strong></span> <span class='ocrx_word' id='word_1_146' title='bbox 447 2701 552 2764; x_wconf 86' lang='lat' dir='ltr'><strong>lamam</strong></span> <span class='ocrx_word' id='word_1_147' title='bbox 583 2703 747 2765; x_wconf 88' lang='lat' dir='ltr'><strong>sacerdotis</strong></span> <span class='ocrx_word' id='word_1_148' title='bbox 776 2721 889 2765; x_wconf 90' lang='lat' dir='ltr'><strong>venere</strong></span> <span class='ocrx_word' id='word_1_149' title='bbox 910 2699 1107 2762; x_wconf 89' lang='lat' dir='ltr'><strong>Mediolanum</strong></span> <span class='ocrx_word' id='word_1_150' title='bbox 1132 2696 1221 2761; x_wconf 88' lang='lat' dir='ltr'><strong>deie-</strong></span> 
     </span>
     <span class='ocr_line' id='line_1_22' title="bbox 123 2814 1221 2897; baseline -0.001 -20"><span class='ocrx_word' id='word_1_151' title='bbox 123 2821 226 2877; x_wconf 88' lang='lat' dir='ltr'><strong>rantes</strong></span> <span class='ocrx_word' id='word_1_152' title='bbox 257 2834 360 2878; x_wconf 91' lang='lat' dir='ltr'><strong>secum</strong></span> <span class='ocrx_word' id='word_1_153' title='bbox 391 2815 532 2896; x_wconf 90' lang='lat' dir='ltr'><strong>plurimas</strong></span> <span class='ocrx_word' id='word_1_154' title='bbox 560 2818 768 2897; x_wconf 80' lang='lat' dir='ltr'><strong>quaestioneS,</strong></span> <span class='ocrx_word' id='word_1_155' title='bbox 799 2825 831 2879; x_wconf 93' lang='lat' dir='ltr'><strong>ut</strong></span> <span class='ocrx_word' id='word_1_156' title='bbox 854 2835 893 2878; x_wconf 89' lang='lat' dir='ltr'><strong>ex</strong></span> <span class='ocrx_word' id='word_1_157' title='bbox 915 2815 960 2877; x_wconf 89' lang='lat' dir='ltr'><strong>his</strong></span> <span class='ocrx_word' id='word_1_158' title='bbox 983 2814 1145 2895; x_wconf 92' lang='lat' dir='ltr'><strong>probarent</strong></span> <span class='ocrx_word' id='word_1_159' title='bbox 1167 2830 1221 2876; x_wconf 87' lang='lat' dir='ltr'><strong>sa-</strong></span> 
     </span>
     <span class='ocr_line' id='line_1_23' title="bbox 122 2928 1221 3012; baseline 0 -22"><span class='ocrx_word' id='word_1_160' title='bbox 122 2930 261 3011; x_wconf 90' lang='lat' dir='ltr'><strong>pientiam</strong></span> <span class='ocrx_word' id='word_1_161' title='bbox 283 2929 358 3009; x_wconf 83' lang='lat' dir='ltr'><strong>riri,</strong></span> <span class='ocrx_word' id='word_1_162' title='bbox 389 2947 454 2992; x_wconf 87' lang='lat' dir='ltr'><strong>cunr</strong></span> <span class='ocrx_word' id='word_1_163' title='bbox 485 2949 545 3010; x_wconf 91' lang='lat' dir='ltr'><strong>quo</strong></span> <span class='ocrx_word' id='word_1_164' title='bbox 569 2932 604 2993; x_wconf 93' lang='lat' dir='ltr'><strong>ab</strong></span> <span class='ocrx_word' id='word_1_165' title='bbox 628 2932 702 2993; x_wconf 88' lang='lat' dir='ltr'><strong>bora</strong></span> <span class='ocrx_word' id='word_1_166' title='bbox 734 2931 792 2992; x_wconf 94' lang='lat' dir='ltr'><strong>diei</strong></span> <span class='ocrx_word' id='word_1_167' title='bbox 824 2931 917 3012; x_wconf 87' lang='lat' dir='ltr'><strong>prima</strong></span> <span class='ocrx_word' id='word_1_168' title='bbox 946 2930 1095 3009; x_wconf 75' lang='lat' dir='ltr'><strong>usquein</strong></span> <span class='ocrx_word' id='word_1_169' title='bbox 1119 2928 1221 2991; x_wconf 88' lang='lat' dir='ltr'><strong>boram</strong></span> 
     </span>
     <span class='ocr_line' id='line_1_24' title="bbox 122 3041 1221 3124; baseline 0.002 -22"><span class='ocrx_word' id='word_1_170' title='bbox 122 3042 240 3103; x_wconf 88' lang='lat' dir='ltr'><strong>tertiam</strong></span> <span class='ocrx_word' id='word_1_171' title='bbox 256 3043 352 3103; x_wconf 93' lang='lat' dir='ltr'><strong>noctis</strong></span> <span class='ocrx_word' id='word_1_172' title='bbox 368 3060 424 3123; x_wconf 93' lang='lat' dir='ltr'><strong>per</strong></span> <span class='ocrx_word' id='word_1_173' title='bbox 440 3042 632 3124; x_wconf 89' lang='lat' dir='ltr'><strong>interpretem</strong></span> <span class='ocrx_word' id='word_1_174' title='bbox 653 3043 878 3124; x_wconf 86' lang='lat' dir='ltr'><strong>disputaverunt</strong></span> <span class='ocrx_word' id='word_1_175' title='bbox 900 3041 1138 3122; x_wconf 88' lang='lat' dir='ltr'><strong>admirantesque</strong></span> <span class='ocrx_word' id='word_1_176' title='bbox 1155 3041 1221 3104; x_wconf 89' lang='lat' dir='ltr'><strong>dis-</strong></span> 
     </span>
     <span class='ocr_line' id='line_1_25' title="bbox 123 3156 1221 3236; baseline 0 -20"><span class='ocrx_word' id='word_1_177' title='bbox 123 3161 280 3218; x_wconf 89' lang='lat' dir='ltr'><strong>cesserunt</strong></span> <span class='ocrx_word' id='word_1_178' title='bbox 307 3156 343 3216; x_wconf 87' lang='lat' dir='ltr'><strong>ab</strong></span> <span class='ocrx_word' id='word_1_179' title='bbox 374 3173 420 3217; x_wconf 92' lang='lat' dir='ltr'><strong>eo.</strong></span> <span class='ocrx_word' id='word_1_180' title='bbox 465 3156 502 3217; x_wconf 92' lang='lat' dir='ltr'><strong>Et</strong></span> <span class='ocrx_word' id='word_1_181' title='bbox 524 3164 556 3218; x_wconf 92' lang='lat' dir='ltr'><strong>ut</strong></span> <span class='ocrx_word' id='word_1_182' title='bbox 578 3176 612 3219; x_wconf 91' lang='lat' dir='ltr'><strong>se</strong></span> <span class='ocrx_word' id='word_1_183' title='bbox 638 3158 799 3236; x_wconf 88' lang='lat' dir='ltr'><strong>probarent</strong></span> <span class='ocrx_word' id='word_1_184' title='bbox 828 3176 888 3219; x_wconf 94' lang='lat' dir='ltr'><strong>non</strong></span> <span class='ocrx_word' id='word_1_185' title='bbox 919 3157 957 3219; x_wconf 94' lang='lat' dir='ltr'><strong>ob</strong></span> <span class='ocrx_word' id='word_1_186' title='bbox 987 3156 1071 3218; x_wconf 87' lang='lat' dir='ltr'><strong>aliam</strong></span> <span class='ocrx_word' id='word_1_187' title='bbox 1102 3173 1221 3217; x_wconf 89' lang='lat' dir='ltr'><strong>oausam</strong></span> 
     </span>
     <span class='ocr_line' id='line_1_26' title="bbox 122 3267 1220 3350; baseline -0.001 -20"><span class='ocrx_word' id='word_1_188' title='bbox 122 3268 263 3347; x_wconf 80' lang='lat' dir='ltr'><strong>venisse,</strong></span> <span class='ocrx_word' id='word_1_189' title='bbox 286 3269 341 3330; x_wconf 93' lang='lat' dir='ltr'><strong>nisi</strong></span> <span class='ocrx_word' id='word_1_190' title='bbox 364 3277 397 3331; x_wconf 93' lang='lat' dir='ltr'><strong>ut</strong></span> <span class='ocrx_word' id='word_1_191' title='bbox 420 3277 502 3331; x_wconf 87' lang='lat' dir='ltr'><strong>certo</strong></span> <span class='ocrx_word' id='word_1_192' title='bbox 526 3272 637 3333; x_wconf 90' lang='lat' dir='ltr'><strong>certius</strong></span> <span class='ocrx_word' id='word_1_193' title='bbox 659 3278 784 3334; x_wconf 91' lang='lat' dir='ltr'><strong>nossent</strong></span> <span class='ocrx_word' id='word_1_194' title='bbox 804 3271 917 3350; x_wconf 86' lang='lat' dir='ltr'><strong>virum,</strong></span> <span class='ocrx_word' id='word_1_195' title='bbox 942 3288 1030 3350; x_wconf 90' lang='lat' dir='ltr'><strong>quem</strong></span> <span class='ocrx_word' id='word_1_196' title='bbox 1050 3267 1126 3331; x_wconf 86' lang='lat' dir='ltr'><strong>lama</strong></span> <span class='ocrx_word' id='word_1_197' title='bbox 1142 3285 1220 3329; x_wconf 89' lang='lat' dir='ltr'><strong>con-</strong></span> 
     </span>
     <span class='ocr_line' id='line_1_27' title="bbox 122 3380 1220 3466; baseline -0.004 -21"><span class='ocrx_word' id='word_1_198' title='bbox 122 3387 285 3464; x_wconf 90' lang='lat' dir='ltr'><strong>pererant,</strong></span> <span class='ocrx_word' id='word_1_199' title='bbox 320 3382 375 3444; x_wconf 91' lang='lat' dir='ltr'><strong>alia</strong></span> <span class='ocrx_word' id='word_1_200' title='bbox 407 3382 454 3444; x_wconf 94' lang='lat' dir='ltr'><strong>die</strong></span> <span class='ocrx_word' id='word_1_201' title='bbox 482 3383 693 3447; x_wconf 87' lang='lat' dir='ltr'><strong>valefacientes</strong></span> <span class='ocrx_word' id='word_1_202' title='bbox 725 3386 896 3466; x_wconf 87' lang='lat' dir='ltr'><strong>imperatori</strong></span> <span class='ocrx_word' id='word_1_203' title='bbox 926 3382 1053 3465; x_wconf 88' lang='lat' dir='ltr'><strong>proiecti</strong></span> <span class='ocrx_word' id='word_1_204' title='bbox 1083 3387 1152 3444; x_wconf 93' lang='lat' dir='ltr'><strong>sunt</strong></span> <span class='ocrx_word' id='word_1_205' title='bbox 1182 3380 1220 3441; x_wconf 90' lang='lat' dir='ltr'><strong>ad</strong></span> 
     </span>
     <span class='ocr_line' id='line_1_28' title="bbox 122 3493 1219 3579; baseline -0.003 -21"><span class='ocrx_word' id='word_1_206' title='bbox 122 3496 228 3558; x_wconf 92' lang='lat' dir='ltr'><strong>urbem</strong></span> <span class='ocrx_word' id='word_1_207' title='bbox 252 3493 392 3573; x_wconf 86' lang='lat' dir='ltr'><strong>Romam,</strong></span> <span class='ocrx_word' id='word_1_208' title='bbox 425 3495 484 3556; x_wconf 93' lang='lat' dir='ltr'><strong>illic</strong></span> <span class='ocrx_word' id='word_1_209' title='bbox 512 3495 650 3559; x_wconf 86' lang='lat' dir='ltr'><strong>volentes</strong></span> <span class='ocrx_word' id='word_1_210' title='bbox 682 3514 871 3579; x_wconf 82' lang='lat' dir='ltr'><strong>cognoscere</strong></span> <span class='ocrx_word' id='word_1_211' title='bbox 898 3498 1058 3578; x_wconf 88' lang='lat' dir='ltr'><strong>potentiam</strong></span> <span class='ocrx_word' id='word_1_212' title='bbox 1089 3494 1219 3557; x_wconf 91' lang='lat' dir='ltr'><strong>inlustris</strong></span> 
     </span>
     <span class='ocr_line' id='line_1_29' title="bbox 124 3608 937 3690; baseline -0.001 -19"><span class='ocrx_word' id='word_1_213' title='bbox 124 3610 181 3672; x_wconf 90' lang='lat' dir='ltr'><strong>viri</strong></span> <span class='ocrx_word' id='word_1_214' title='bbox 203 3608 309 3687; x_wconf 90' lang='lat' dir='ltr'><strong>Probi,</strong></span> <span class='ocrx_word' id='word_1_215' title='bbox 333 3626 391 3688; x_wconf 89' lang='lat' dir='ltr'><strong>qua</strong></span> <span class='ocrx_word' id='word_1_216' title='bbox 414 3609 534 3689; x_wconf 87' lang='lat' dir='ltr'><strong>cognita</strong></span> <span class='ocrx_word' id='word_1_217' title='bbox 557 3608 592 3670; x_wconf 90' lang='lat' dir='ltr'><strong>ad</strong></span> <span class='ocrx_word' id='word_1_218' title='bbox 615 3610 734 3690; x_wconf 88' lang='lat' dir='ltr'><strong>propria</strong></span> <span class='ocrx_word' id='word_1_219' title='bbox 757 3615 937 3670; x_wconf 86' lang='lat' dir='ltr'><strong>remearunt.</strong></span> 
     </span>
    </p>

    <p class='ocr_par' dir='ltr' id='par_1_9' title="bbox 120 3718 1220 4033">
     <span class='ocr_line' id='line_1_30' title="bbox 211 3718 1220 3804; baseline -0.005 -17"><span class='ocrx_word' id='word_1_220' title='bbox 211 3720 262 3788; x_wconf 81' lang='lat'><strong>26.</strong></span> <span class='ocrx_word' id='word_1_221' title='bbox 308 3722 368 3786; x_wconf 86' lang='lat' dir='ltr'><strong>Sed</strong></span> <span class='ocrx_word' id='word_1_222' title='bbox 400 3740 527 3804; x_wconf 88' lang='lat' dir='ltr'><strong>egresso</strong></span> <span class='ocrx_word' id='word_1_223' title='bbox 552 3722 725 3785; x_wconf 80' lang='lat' dir='ltr'><strong>Theodosio</strong></span> <span class='ocrx_word' id='word_1_224' title='bbox 748 3721 785 3783; x_wconf 89' lang='lat' dir='ltr'><strong>de</strong></span> <span class='ocrx_word' id='word_1_225' title='bbox 809 3722 890 3785; x_wconf 91' lang='lat' dir='ltr'><strong>ltalia</strong></span> <span class='ocrx_word' id='word_1_226' title='bbox 914 3727 943 3782; x_wconf 94' lang='lat' dir='ltr'><strong>et</strong></span> <span class='ocrx_word' id='word_1_227' title='bbox 966 3718 1220 3801; x_wconf 79' lang='lat' dir='ltr'><strong>Constantinopoli</strong></span> 
     </span>
     <span class='ocr_line' id='line_1_31' title="bbox 123 3833 1220 3919; baseline -0.004 -19"><span class='ocrx_word' id='word_1_228' title='bbox 123 3837 304 3914; x_wconf 91' lang='lat' dir='ltr'><strong>constituto,</strong></span> <span class='ocrx_word' id='word_1_229' title='bbox 339 3836 544 3899; x_wconf 90' lang='lat' dir='ltr'><strong>Valentiniano</strong></span> <span class='ocrx_word' id='word_1_230' title='bbox 574 3838 712 3919; x_wconf 78' lang='lat' dir='ltr'><strong>Augusto</strong></span> <span class='ocrx_word' id='word_1_231' title='bbox 741 3838 816 3899; x_wconf 89' lang='lat' dir='ltr'><strong>intra</strong></span> <span class='ocrx_word' id='word_1_232' title='bbox 840 3834 947 3899; x_wconf 86' lang='lat' dir='ltr'><strong>Gallias</strong></span> <span class='ocrx_word' id='word_1_233' title='bbox 978 3835 1075 3916; x_wconf 90' lang='lat' dir='ltr'><strong>posito</strong></span> <span class='ocrx_word' id='word_1_234' title='bbox 1106 3833 1220 3896; x_wconf 89' lang='lat' dir='ltr'><strong>directa</strong></span> 
     </span>
     <span class='ocr_line' id='line_1_32' title="bbox 120 3947 1218 4033; baseline -0.002 -19"><span class='ocrx_word' id='word_1_235' title='bbox 120 3951 234 4033; x_wconf 91' lang='lat' dir='ltr'><strong>legatio</strong></span> <span class='ocrx_word' id='word_1_236' title='bbox 259 3957 305 4013; x_wconf 93' lang='lat' dir='ltr'><strong>est</strong></span> <span class='ocrx_word' id='word_1_237' title='bbox 328 3950 384 4013; x_wconf 91' lang='lat' dir='ltr'><strong>sub</strong></span> <span class='ocrx_word' id='word_1_238' title='bbox 407 3952 528 4015; x_wconf 89' lang='lat' dir='ltr'><strong>nomine</strong></span> <span class='ocrx_word' id='word_1_239' title='bbox 561 3958 682 4016; x_wconf 91' lang='lat' dir='ltr'><strong>senatus</strong></span> <span class='ocrx_word' id='word_1_240' title='bbox 707 3971 723 4013; x_wconf 93' lang='lat' dir='ltr'><strong>a</strong></span> <span class='ocrx_word' id='word_1_241' title='bbox 746 3948 941 4033; x_wconf 78' lang='lat' dir='ltr'><strong>Symmacho,</strong></span> <span class='ocrx_word' id='word_1_242' title='bbox 970 3955 1040 4010; x_wconf 92' lang='lat' dir='ltr'><strong>tunc</strong></span> <span class='ocrx_word' id='word_1_243' title='bbox 1065 3947 1218 4030; x_wconf 90' lang='lat' dir='ltr'><strong>praelecto</strong></span> 
     </span>
    </p>
   </div>
   <div class='ocr_carea' id='block_1_7' title="bbox 127 4106 332 4116">
    <p class='ocr_par' dir='ltr' id='par_1_10' title="bbox 127 4106 332 4116">
     <span class='ocr_line' id='line_1_33' title="bbox 127 4106 332 4116; baseline 0.01 -2"><span class='ocrx_word' id='word_1_244' title='bbox 127 4106 332 4116; x_wconf 55' lang='grc' dir='ltr'><strong>Ἣ..</strong></span> 
     </span>
    </p>
   </div>
   <div class='ocr_carea' id='block_1_8' title="bbox 195 4199 751 4274">
    <p class='ocr_par' dir='ltr' id='par_1_11' title="bbox 195 4199 751 4274">
     <span class='ocr_line' id='line_1_34' title="bbox 195 4199 751 4274; baseline 0.002 -20"><span class='ocrx_word' id='word_1_245' title='bbox 195 4200 224 4272; x_wconf 86' lang='grc'><strong>1)</strong></span> <span class='ocrx_word' id='word_1_246' title='bbox 242 4199 352 4258; x_wconf 80' lang='lat' dir='ltr'><strong>Hieram.</strong></span> <span class='ocrx_word' id='word_1_247' title='bbox 372 4201 398 4272; x_wconf 85' lang='lat'><strong>1,</strong></span> <span class='ocrx_word' id='word_1_248' title='bbox 418 4202 460 4256; x_wconf 92' lang='grc'><strong>11.</strong></span> <span class='ocrx_word' id='word_1_249' title='bbox 531 4201 562 4274; x_wconf 78' lang='lat'><strong>2)</strong></span> <span class='ocrx_word' id='word_1_250' title='bbox 580 4202 604 4258; x_wconf 82' lang='lat'><strong>2.</strong></span> <span class='ocrx_word' id='word_1_251' title='bbox 621 4201 686 4274; x_wconf 79' lang='lat' dir='ltr'><strong>Bag.</strong></span> <span class='ocrx_word' id='word_1_252' title='bbox 709 4200 751 4255; x_wconf 91' lang='grc'><strong>11.</strong></span> 
     </span>
    </p>
   </div>
   <div class='ocr_carea' id='block_1_9' title="bbox 0 0 1350 4666">
    <p class='ocr_par' dir='ltr' id='par_1_12' title="bbox 0 0 1350 4666">
     <span class='ocr_line' id='line_1_35' title="bbox 0 0 1350 4666; baseline 0 0"><span class='ocrx_word' id='word_1_253' title='bbox 0 0 1350 4666; x_wconf 95' lang='lat' dir='ltr'><strong> </strong></span> 
     </span>
    </p>
   </div>
  </div>
 </body>
</html>
