2692 4666
512 347 558 404 aa
578 348 603 404 s.
623 345 822 403 naeuosrun.
1152 346 1218 416 355

121 515 208 581 itan,
227 518 299 582 filius
316 531 392 568 mens
411 515 552 581 ampliatas
571 514 679 579 loseph,
700 513 774 577 filias
793 525 868 562 meus
887 509 1031 577 ampliatur
1049 509 1162 572 solutes,
1181 511 1217 574 pi.

121 624 157 658 m.
177 607 291 659 crioiccc.
310 602 351 653 cd.
371 599 443 665 cot,
469 601 542 668 fitius
567 600 709 667 carptiatnc
734 612 809 649 mena
827 598 937 664 insepti,
961 598 1034 662 fitius
1057 611 1133 648 mous
1151 591 1217 648 'aiu-

121 695 237 761 ptiutus,
263 692 363 743 arictes
381 690 454 755 ptius
473 703 562 749 ruens,
590 688 625 752 pt.
644 703 677 735 ra.
699 686 765 735 aiot.
785 682 842 734 edd.
864 679 967 732 Amerb.
986 679 1083 734 Erasm.
1104 680 1173 734 Cost.
1194 690 1220 736 et

124 777 229 841 Piston,
243 781 315 844 [iiiuc
333 792 408 828 maus
427 777 578 843 ampliatus,
596 775 690 838 incepit
709 773 783 840 fitius
801 789 876 825 meus
895 773 1045 838 arimbertus,
1064 774 1123 826 scio
1137 790 1219 840 cppe-

125 872 206 930 titus‚
227 867 263 931 fii.
281 882 315 915 m.
336 865 403 917 adul.
423 871 556 915 reuertere
574 863 608 913 ad
625 877 665 912 rac
683 858 766 909 editor
784 858 911 910 Romanus
929 861 1074 910 versionem
1093 862 1220 926 antiquam

124 955 273 1019 respiciens,
291 955 365 1021 {ilias
384 952 499 1016 ampliat.
518 932 551 1000 in.
565 950 670 1017 iassib,
689 951 724 1012 iii.
741 951 858 1016 arapiiat.
876 966 920 1012 ru,
938 951 1038 1001 aciotac
1055 950 1090 1016 fii.
1103 965 1137 998 m.
1152 949 1219 1000 ariol.

125 1039 185 1091 Bne.
206 1040 284 1092 Maur.
305 1038 370 1090 Giib.
407 1037 519 1088 tiraecus
537 1045 620 1087 autem
642 1043 725 1086 textus
748 1037 783 1086 ita
807 1035 898 1086 babet:
926 1033 974 1090 υἱὸς
992 1031 1117 1098 ηὐξημένος
1132 1029 1221 1097 Ἰωσήφ,

125 1125 175 1182 υἱός
197 1123 321 1190 ηὐξημένος
343 1143 391 1188 μου
414 1119 516 1186 ζηλωτός
540 1141 560 1172 κ.
579 1141 601 1170 τ.
620 1122 640 1169 i.
685 1121 709 1172 3.
729 1124 835 1174 adiuvat
854 1120 884 1170 W
905 1128 931 1172 et
949 1119 1002 1173 Bbc
1021 1120 1221 1173 adsentientibus

126 1215 185 1265 edd.
206 1214 259 1266 Col.
279 1214 345 1265 Med.
363 1210 467 1264 Aruerb.
486 1209 583 1276 Erasm.
604 1208 672 1261 Cost.
692 1210 794 1273 Piston,
814 1229 831 1261 a
850 1211 983 1262 inventu-tc
1001 1207 1045 1259 Ba.
1084 1206 1156 1270 Quod
1175 1223 1220 1260 se-

126 1305 211 1371 quitur
229 1283 252 1356 tc
271 1319 319 1354 om.
340 1300 385 1352 Bb.
422 1298 472 1350 Pru
491 1302 557 1353 ricus
576 1297 628 1349 Bac
646 1297 766 1349 exhibent
785 1284 913 1351 deminui.
952 1295 1014 1348 Tum
1033 1299 1166 1350 benedicat
1184 1292 1221 1347 nh

127 1400 153 1441 et
178 1389 331 1456 exemplaria
356 1387 412 1440 cot.
437 1388 504 1440 Med.
531 1389 632 1440 Amerb.
653 1387 748 1440 Erasm.
769 1386 836 1438 Cost.
856 1386 946 1438 Pistor.
983 1384 1099 1436 Pronom.
1119 1395 1142 1440 tc
1160 1385 1184 1436 h.
1203 1385 1221 1440 l.

127 1494 177 1529 ona.
197 1475 245 1540 W,
264 1479 288 1528 in
309 1476 349 1528 ed.
369 1476 440 1528 Rom.
459 1476 554 1544 iegitur
572 1479 625 1529 tibi.
663 1476 688 1526 4.
706 1485 739 1539 ct,
760 1474 827 1543 quod
847 1473 945 1525 Graeco
965 1458 1033 1526 textu
1053 1473 1223 1538 confirmatur,

126 1564 200 1616 abest
219 1579 232 1614 a
252 1563 325 1616 codd.
345 1565 469 1628 omnibus,
488 1572 515 1615 ut
532 1563 564 1614 ab
582 1563 639 1614 edd.
652 1561 790 1613 Romanam
808 1562 1026 1614 antecedentibus.
1059 1561 1121 1614 Vcc.
1138 1572 1225 1615 terroe

126 1652 193 1702 maie
213 1650 252 1702 bis
269 1653 369 1718 ponitur
388 1653 413 1703 iu
432 1649 511 1715 Babc,
531 1659 558 1701 ut
576 1653 600 1701 ia
620 1650 679 1701 edd.
695 1650 769 1701 Maur.
788 1657 814 1701 et
827 1648 891 1701 Giib.
929 1650 954 1700 5.
974 1652 1134 1702 praeualens
1154 1646 1223 1702 Cost.

127 1749 153 1792 et
172 1741 196 1790 iu
217 1756 266 1810 mg.
287 1738 417 1804 Pistoriae.
454 1739 477 1789 6.
496 1742 623 1791 montium
641 1739 815 1805 manantium]
834 1737 912 1789 Huius
932 1737 1115 1805 cacopbouiae‚
1134 1739 1155 1788 si
1175 1753 1225 1804 qua

127 1835 182 1891 est,
212 1826 300 1877 similia
325 1808 395 1893 plura
421 1826 550 1892 congessit
569 1824 684 1891 exempla
703 1827 760 1878 Otto
779 1822 841 1874 Ero.
860 1823 913 1875 xit.
933 1825 963 1875 ad
984 1824 1033 1877 Cic.
1055 1825 1087 1875 de
1105 1840 1133 1875 re
1153 1822 1223 1890 pubi.
1271 1840 1273 1846 ·

128 1913 170 1964 eti.
191 1911 283 1964 Osann.
303 1915 378 1965 etad
398 1912 475 1963 Tacit.
496 1912 561 1962 Anu.
577 1910 597 1963 1.
611 1913 653 1963 24.
671 1928 696 1979 p.
711 1912 770 1963 144.
807 1913 832 1964 2.
852 1912 883 1962 ab
903 1913 944 1963 im.
965 1917 1019 1979 Qrci
1036 1916 1115 1966 visais
1133 1921 1174 1965 cat
1192 1939 1225 1950 -

127 2006 156 2054 in
175 2005 249 2066 rubo,
269 2005 358 2055 ueniet
375 2001 495 2067 rescripsi
515 2016 546 2051 ea
565 1999 638 2050 codd.
660 1999 690 2048 W
709 2008 735 2050 et
753 1998 878 2063 Menace,
899 2000 1048 2067 quibuscum
1068 1998 1226 2050 concordant

129 2089 186 2142 edd.
207 2090 308 2141 Amerb.
328 2097 480 2157 ceteraeque
500 2097 559 2139 aute
576 2087 714 2138 Macrinam
733 2103 836 2150 omnes3
863 2091 907 2156 qui
925 2091 1005 2141 cirris
1024 2105 1053 2141 cs
1073 2115 1103 2126 -
1126 2099 1172 2149 -ς
1198 2094 1227 2139 ut

128 2183 218 2233 uariat
235 2177 312 2228 babet
332 2177 460 2244 exemplar
480 2174 550 2238 eota
578 2180 622 2246 qni
644 2179 724 2231 nicus
748 2194 776 2230 es
798 2205 828 2214 -
850 2204 898 2239 -,
924 2185 954 2229 ut
976 2179 1069 2229 nentina
1095 2180 1177 2226 exstat
1201 2173 1225 2223 ia

130 2266 196 2318 Med.
216 2265 293 2318 Maur.
313 2273 390 2333 atqua
409 2262 473 2315 Giib.
804 2259 807 2265 ’

237 2370 263 2423 Ρ,
284 2371 341 2424 152.
1154 2422 1157 2428 .

202 2460 224 2511 1.
247 2458 284 2509 ad
302 2465 403 2528 fratrea
424 2458 508 2510 addidi
527 2477 594 2514 suos
613 2475 643 2509 ex
663 2459 738 2510 codd.
758 2459 797 2509 W.
818 2459 930 2510 Monacc.
951 2465 977 2510 et
995 2457 1040 2510 Rb.
1080 2455 1227 2527 Congruunt

131 2548 189 2599 edd.
210 2548 312 2599 Amerb.
333 2547 431 2599 Erusm.
448 2546 515 2598 Cast.
529 2546 620 2599 Pistor.
634 2546 706 2599 Rom.
737 2547 802 2598 Voc..
816 2551 971 2616 primitivus
990 2562 1046 2597 cum
1065 2544 1226 2613 praecedeu-

132 2635 197 2686 tibus
216 2639 371 2703 coniungunt
389 2635 492 2686 Amerb.
512 2644 538 2686 et
556 2634 669 2699 Ermrn,
693 2633 747 2686 cot.
766 2643 850 2686 autern
869 2643 944 2702 etque
964 2631 1032 2684 Cost.
1053 2642 1110 2700 post
1127 2637 1226 2703 primi-

132 2727 206 2776 tivus
225 2727 297 2776 tauri
315 2723 479 2789 distinguunt.
517 2721 613 2773 Desunt
636 2723 845 2787 interpunctionis
864 2731 939 2773 uotae
959 2722 985 2772 in
1004 2722 1069 2773 Med.
1108 2718 1227 2772 Ceterum

131 2813 263 2878 primitivi
288 2810 405 2862 scribitur
430 2813 454 2860 iu
475 2808 531 2860 iton
558 2818 583 2860 et
607 2814 696 2876 cipro
716 2815 773 2864 cius
793 2812 817 2862 ia
837 2809 884 2862 Bt».
931 2811 955 2863 3.
977 2814 1116 2864 unicornis
1135 2810 1229 2860 babent

132 2897 202 2949 Babc
228 2905 253 2948 et
277 2897 315 2948 att
338 2916 359 2950 c.
385 2899 445 2949 edd.
470 2896 525 2949 Coi.
547 2898 649 2949 Amerb.
670 2898 768 2950 Erasm.
788 2897 857 2950 Coei.
877 2898 966 2950 Pistor.
987 2898 1075 2964 Rom,
1103 2900 1229 2952 unicorni

134 2987 175 3037 dat
195 2985 276 3051 Meci,
303 2990 474 3040 carticcrnium
493 2986 542 3054 ng.
581 2986 640 3037 Post
663 2991 804 3040 unicornis
828 2985 866 3038 Bb
890 2988 976 3040 scribit
1000 2991 1090 3057 ipsius
1117 3004 1228 3049 cornua,

133 3073 238 3125 voculas
261 3089 332 3142 seqq.
357 3077 385 3126 in
408 3077 478 3144 ipsis
501 3076 633 3138 omittens,
662 3073 697 3124 ua
716 3090 764 3124 una
784 3091 840 3125 cum
859 3072 895 3125 Bc
914 3083 938 3125 et
957 3076 998 3126 ed.
1021 3073 1074 3126 Coi.
1093 3079 1122 3128 in
1140 3079 1228 3144 ipsius

133 3180 233 3215 carrina
252 3172 342 3231 qantos
360 3165 501 3216 ventilabit.
533 3161 605 3228 Apud
620 3161 744 3214 biaurinos
762 3170 787 3213 et
800 3161 936 3214 Giibcrtum
954 3173 1013 3232 post
1027 3174 1128 3218 cornua
1140 3168 1229 3234 ipsius

132 3249 240 3317 legitur:
261 3253 398 3319 tuipsius
420 3267 504 3302 cornu
522 3259 611 3320 pentes
630 3254 774 3317 ventilabit,
796 3251 863 3319 quod
883 3251 915 3302 ad
935 3250 1031 3302 Graeca
1050 3252 1128 3303 verba
1146 3253 1228 3303 inter-

133 3345 234 3404 pretum
255 3336 317 3388 Lxx
341 3339 443 3389 minime
470 3337 584 3404 quadrat.
621 3336 787 3389 Scribendum
813 3340 896 3405 potius
921 3349 975 3391 erat
1002 3356 1056 3390 cum
1082 3340 1141 3390 edd.
1162 3338 1227 3390 Med.

134 3425 238 3476 Amerb.
266 3428 408 3493 ceterisque
433 3424 543 3475 biaurina
572 3425 754 3492 antiquioribus
780 3430 808 3478 in
834 3430 906 3496 ipsis
933 3439 1020 3497 pentes
1047 3438 1115 3483 nent·
1160 3427 1229 3479 Haec

133 3512 212 3563 lectio
232 3512 362 3564 codicibus
382 3512 412 3562 W
431 3521 457 3563 et
477 3512 588 3564 Monacc.
609 3515 713 3581 egregie
734 3514 893 3566 confirmatur
912 3514 1064 3585 Graecisque
1083 3516 1184 3569 verbis:
1204 3517 1241 3567 ἒν.

135 3596 216 3655 αὐτοῖς
232 3599 292 3664 ἔθνη
311 3606 423 3667 asportat,
451 3603 545 3668 optime
565 3604 691 3651 convenit.
736 3602 760 3652 3.
783 3605 816 3656 nri
832 3613 980 3658 extremum
997 3623 1070 3658 raare
1089 3604 1131 3656 bii.
1168 3604 1230 3657 Tum

134 3692 209 3741 milia
235 3687 310 3738 codd.
336 3703 440 3754 omnes,
468 3692 528 3740 item
554 3689 611 3740 edd.
633 3689 687 3740 Cot.
707 3684 809 3741 Amerb.
834 3689 931 3743 Erasm.
958 3700 983 3742 et
1007 3691 1075 3744 Cost.
1094 3696 1124 3745 ὀ.
1145 3693 1230 3759 Rom,

134 3778 220 3828 miliia
239 3774 327 3826 Pistor.
348 3775 425 3827 Maur.
445 3785 519 3844 atque
539 3775 619 3841 Gilb.,
645 3780 730 3830 mittin
753 3779 838 3846 priore
861 3777 920 3830 ioco
946 3782 1021 3831 etiam
1041 3780 1120 3844 bien,
1146 3781 1229 3833 attero

135 3871 219 3913 tamea
237 3864 320 3915 milia.
357 3863 420 3914 Dein
440 3867 555 3934 liffruim
573 3864 603 3914 W
624 3873 649 3916 et
670 3864 798 3930 monaco„
826 3866 972 3933 quibuscum
992 3872 1136 3937 conspirant
1154 3873 1230 3922 etiam

134 3949 239 4001 Amerb.
263 3948 360 4006 Erasm.
386 3947 454 4003 Cast.
480 3961 556 4020 atque
580 3951 683 4015 Piston,
710 3957 839 4020 prrninr
863 3956 963 4022 scripsit
987 3944 1069 4008 Editor
1092 3956 1230 4023 Romanus,

136 4041 229 4107 effrem
252 4036 347 4090 babent
371 4038 408 4090 Bb
433 4048 459 4090 et
483 4039 539 4089 edd.
565 4036 619 4091 cot.
645 4049 720 4108 etque
746 4040 829 4106 Mem,
856 4047 937 4112 efrem
958 4042 1016 4095 Bac.
1061 4045 1086 4095 4.
1105 4060 1230 4100 martures

136 4124 177 4178 ed.
197 4124 263 4177 ned.

948 4287 1024 4358 23*
