<?xml version="1.0" encoding="UTF-8"?>
<!DOCTYPE html PUBLIC "-//W3C//DTD XHTML 1.0 Transitional//EN"
    "http://www.w3.org/TR/xhtml1/DTD/xhtml1-transitional.dtd">
<html xmlns="http://www.w3.org/1999/xhtml" xml:lang="en" lang="en">
 <head>
  <title>
</title>
<meta http-equiv="Content-Type" content="text/html;charset=utf-8" />
  <meta name='ocr-system' content='tesseract 3.04.00' />
  <meta name='ocr-capabilities' content='ocr_page ocr_carea ocr_par ocr_line ocrx_word'/>
</head>
<body>
  <div class='ocr_page' id='page_1' title='image "./deofficiisminis00krabgoog_0088.png"; bbox 0 0 2692 4666; ppageno 0'>
   <div class='ocr_carea' id='block_1_1' title="bbox 344 297 1190 370">
    <p class='ocr_par' dir='ltr' id='par_1_1' title="bbox 344 297 1190 370">
     <span class='ocr_line' id='line_1_1' title="bbox 344 297 1190 370; baseline 0.006 -18"><span class='ocrx_word' id='word_1_1' title='bbox 344 297 390 352; x_wconf 78' lang='lat' dir='ltr'><strong>DE</strong></span> <span class='ocrx_word' id='word_1_2' title='bbox 409 297 546 355; x_wconf 74' lang='lat' dir='ltr'><strong>ornetis</strong></span> <span class='ocrx_word' id='word_1_3' title='bbox 566 299 791 356; x_wconf 74' lang='lat' dir='ltr'><strong>blintstttontttt</strong></span> <span class='ocrx_word' id='word_1_4' title='bbox 810 299 943 356; x_wconf 80' lang='grc'><strong>111111</strong></span> <span class='ocrx_word' id='word_1_5' title='bbox 1150 304 1190 370; x_wconf 78' lang='grc'><strong>71</strong></span> 
     </span>
    </p>
   </div>
   <div class='ocr_carea' id='block_1_2' title="bbox 51 455 1191 2144">
    <p class='ocr_par' dir='ltr' id='par_1_2' title="bbox 51 455 1191 1098">
     <span class='ocr_line' id='line_1_2' title="bbox 186 455 1191 547; baseline 0.006 -25"><span class='ocrx_word' id='word_1_6' title='bbox 186 455 256 524; x_wconf 85' lang='grc'><strong>114.</strong></span> <span class='ocrx_word' id='word_1_7' title='bbox 301 459 397 524; x_wconf 88' lang='lat' dir='ltr'><strong>David</strong></span> <span class='ocrx_word' id='word_1_8' title='bbox 413 457 442 546; x_wconf 87' lang='lat'><strong>¹)</strong></span> <span class='ocrx_word' id='word_1_9' title='bbox 466 463 553 527; x_wconf 90' lang='lat' dir='ltr'><strong>etiam</strong></span> <span class='ocrx_word' id='word_1_10' title='bbox 576 463 662 529; x_wconf 88' lang='lat' dir='ltr'><strong>fortis</strong></span> <span class='ocrx_word' id='word_1_11' title='bbox 684 462 714 525; x_wconf 93' lang='lat' dir='ltr'><strong>in</strong></span> <span class='ocrx_word' id='word_1_12' title='bbox 737 463 835 544; x_wconf 91' lang='lat' dir='ltr'><strong>bello,</strong></span> <span class='ocrx_word' id='word_1_13' title='bbox 858 465 975 546; x_wconf 88' lang='lat' dir='ltr'><strong>patiens</strong></span> <span class='ocrx_word' id='word_1_14' title='bbox 993 465 1024 527; x_wconf 92' lang='lat' dir='ltr'><strong>in</strong></span> <span class='ocrx_word' id='word_1_15' title='bbox 1045 464 1191 547; x_wconf 86' lang='lat' dir='ltr'><strong>adversis,</strong></span> 
     </span>
     <span class='ocr_line' id='line_1_3' title="bbox 93 573 1191 663; baseline 0.007 -27"><span class='ocrx_word' id='word_1_16' title='bbox 93 575 127 639; x_wconf 92' lang='lat' dir='ltr'><strong>in</strong></span> <span class='ocrx_word' id='word_1_17' title='bbox 155 573 339 638; x_wconf 83' lang='lat' dir='ltr'><strong>Hierusalem</strong></span> <span class='ocrx_word' id='word_1_18' title='bbox 372 577 531 658; x_wconf 89' lang='lat' dir='ltr'><strong>pacificus,</strong></span> <span class='ocrx_word' id='word_1_19' title='bbox 566 579 596 641; x_wconf 93' lang='lat' dir='ltr'><strong>in</strong></span> <span class='ocrx_word' id='word_1_20' title='bbox 627 579 750 641; x_wconf 87' lang='lat' dir='ltr'><strong>victoria</strong></span> <span class='ocrx_word' id='word_1_21' title='bbox 784 585 970 658; x_wconf 86' lang='lat' dir='ltr'><strong>mansuetus,</strong></span> <span class='ocrx_word' id='word_1_22' title='bbox 1004 579 1033 641; x_wconf 92' lang='lat' dir='ltr'><strong>in</strong></span> <span class='ocrx_word' id='word_1_23' title='bbox 1066 586 1191 663; x_wconf 89' lang='lat' dir='ltr'><strong>peccato</strong></span> 
     </span>
     <span class='ocr_line' id='line_1_4' title="bbox 51 688 1191 773; baseline 0.005 -23"><span class='ocrx_word' id='word_1_24' title='bbox 51 724 53 728; x_wconf 94' lang='lat'>-</span> <span class='ocrx_word' id='word_1_25' title='bbox 94 688 216 767; x_wconf 91' lang='lat' dir='ltr'><strong>dolens,</strong></span> <span class='ocrx_word' id='word_1_26' title='bbox 240 689 270 750; x_wconf 92' lang='lat' dir='ltr'><strong>in</strong></span> <span class='ocrx_word' id='word_1_27' title='bbox 289 697 445 753; x_wconf 80' lang='lat' dir='ltr'><strong>senectute</strong></span> <span class='ocrx_word' id='word_1_28' title='bbox 467 691 628 773; x_wconf 87' lang='lat' dir='ltr'><strong>providus,</strong></span> <span class='ocrx_word' id='word_1_29' title='bbox 651 709 752 754; x_wconf 89' lang='lat' dir='ltr'><strong>rerum</strong></span> <span class='ocrx_word' id='word_1_30' title='bbox 774 689 897 770; x_wconf 90' lang='lat' dir='ltr'><strong>modos,</strong></span> <span class='ocrx_word' id='word_1_31' title='bbox 920 692 1002 755; x_wconf 90' lang='lat' dir='ltr'><strong>vices</strong></span> <span class='ocrx_word' id='word_1_32' title='bbox 1026 697 1191 773; x_wconf 89' lang='lat' dir='ltr'><strong>tempomm</strong></span> 
     </span>
     <span class='ocr_line' id='line_1_5' title="bbox 92 803 1190 886; baseline 0.005 -22"><span class='ocrx_word' id='word_1_33' title='bbox 92 820 151 885; x_wconf 93' lang='lat' dir='ltr'><strong>per</strong></span> <span class='ocrx_word' id='word_1_34' title='bbox 172 803 352 886; x_wconf 82' lang='lat' dir='ltr'><strong>singularum</strong></span> <span class='ocrx_word' id='word_1_35' title='bbox 374 823 467 869; x_wconf 89' lang='lat' dir='ltr'><strong>sonos</strong></span> <span class='ocrx_word' id='word_1_36' title='bbox 491 807 624 869; x_wconf 87' lang='lat' dir='ltr'><strong>servavit</strong></span> <span class='ocrx_word' id='word_1_37' title='bbox 651 812 796 886; x_wconf 89' lang='lat' dir='ltr'><strong>aetatum,</strong></span> <span class='ocrx_word' id='word_1_38' title='bbox 829 813 861 868; x_wconf 89' lang='lat' dir='ltr'><strong>ut</strong></span> <span class='ocrx_word' id='word_1_39' title='bbox 882 806 952 868; x_wconf 93' lang='lat' dir='ltr'><strong>mibi</strong></span> <span class='ocrx_word' id='word_1_40' title='bbox 973 804 1108 868; x_wconf 86' lang='lat' dir='ltr'><strong>videatur</strong></span> <span class='ocrx_word' id='word_1_41' title='bbox 1129 824 1190 870; x_wconf 91' lang='lat' dir='ltr'><strong>non</strong></span> 
     </span>
     <span class='ocr_line' id='line_1_6' title="bbox 93 916 1191 1003; baseline 0.006 -26"><span class='ocrx_word' id='word_1_42' title='bbox 93 916 191 980; x_wconf 92' lang='lat' dir='ltr'><strong>minus</strong></span> <span class='ocrx_word' id='word_1_43' title='bbox 214 917 334 980; x_wconf 87' lang='lat' dir='ltr'><strong>vivendi</strong></span> <span class='ocrx_word' id='word_1_44' title='bbox 355 937 487 1003; x_wconf 84' lang='lat' dir='ltr'><strong>genere,</strong></span> <span class='ocrx_word' id='word_1_45' title='bbox 525 939 613 1001; x_wconf 90' lang='lat' dir='ltr'><strong>quam</strong></span> <span class='ocrx_word' id='word_1_46' title='bbox 635 920 760 983; x_wconf 92' lang='lat' dir='ltr'><strong>canendi</strong></span> <span class='ocrx_word' id='word_1_47' title='bbox 782 921 928 984; x_wconf 89' lang='lat' dir='ltr'><strong>suavitate</strong></span> <span class='ocrx_word' id='word_1_48' title='bbox 951 918 1119 1002; x_wconf 89' lang='lat' dir='ltr'><strong>praedulcis</strong></span> <span class='ocrx_word' id='word_1_49' title='bbox 1140 920 1191 984; x_wconf 91' lang='lat' dir='ltr'><strong>in-</strong></span> 
     </span>
     <span class='ocr_line' id='line_1_7' title="bbox 94 1029 862 1098; baseline 0.007 -6"><span class='ocrx_word' id='word_1_50' title='bbox 94 1029 248 1094; x_wconf 76' lang='lat' dir='ltr'><strong>mortalem</strong></span> <span class='ocrx_word' id='word_1_51' title='bbox 270 1030 328 1095; x_wconf 91' lang='lat' dir='ltr'><strong>deo</strong></span> <span class='ocrx_word' id='word_1_52' title='bbox 351 1035 397 1096; x_wconf 92' lang='lat' dir='ltr'><strong>sui</strong></span> <span class='ocrx_word' id='word_1_53' title='bbox 421 1033 536 1097; x_wconf 82' lang='lat' dir='ltr'><strong>fudisse</strong></span> <span class='ocrx_word' id='word_1_54' title='bbox 560 1035 656 1098; x_wconf 85' lang='lat' dir='ltr'><strong>meriti</strong></span> <span class='ocrx_word' id='word_1_55' title='bbox 680 1035 862 1097; x_wconf 88' lang='lat' dir='ltr'><strong>cantilenam.</strong></span> 
     </span>
    </p>

    <p class='ocr_par' dir='ltr' id='par_1_3' title="bbox 94 1140 1190 1917">
     <span class='ocr_line' id='line_1_8' title="bbox 184 1140 1190 1230; baseline 0.003 -21"><span class='ocrx_word' id='word_1_56' title='bbox 184 1140 254 1209; x_wconf 85' lang='lat'><strong>115.</strong></span> <span class='ocrx_word' id='word_1_57' title='bbox 299 1146 385 1219; x_wconf 80' lang='lat' dir='ltr'><strong>Quod</strong></span> <span class='ocrx_word' id='word_1_58' title='bbox 409 1147 455 1210; x_wconf 92' lang='lat' dir='ltr'><strong>bis</strong></span> <span class='ocrx_word' id='word_1_59' title='bbox 481 1149 553 1212; x_wconf 91' lang='lat' dir='ltr'><strong>viris</strong></span> <span class='ocrx_word' id='word_1_60' title='bbox 577 1148 781 1230; x_wconf 79' lang='lat' dir='ltr'><strong>principalium</strong></span> <span class='ocrx_word' id='word_1_61' title='bbox 808 1149 947 1212; x_wconf 86' lang='lat' dir='ltr'><strong>virtulum</strong></span> <span class='ocrx_word' id='word_1_62' title='bbox 980 1146 1109 1212; x_wconf 88' lang='lat' dir='ltr'><strong>officium</strong></span> <span class='ocrx_word' id='word_1_63' title='bbox 1131 1146 1190 1212; x_wconf 90' lang='lat' dir='ltr'><strong>de-</strong></span> 
     </span>
     <span class='ocr_line' id='line_1_9' title="bbox 95 1257 1190 1344; baseline 0.002 -21"><span class='ocrx_word' id='word_1_64' title='bbox 95 1257 173 1323; x_wconf 83' lang='lat' dir='ltr'><strong>fuit?</strong></span> <span class='ocrx_word' id='word_1_65' title='bbox 218 1259 348 1334; x_wconf 81' lang='lat' dir='ltr'><strong>Onerum</strong></span> <span class='ocrx_word' id='word_1_66' title='bbox 373 1261 469 1344; x_wconf 92' lang='lat' dir='ltr'><strong>primo</strong></span> <span class='ocrx_word' id='word_1_67' title='bbox 491 1263 559 1326; x_wconf 91' lang='lat' dir='ltr'><strong>loco</strong></span> <span class='ocrx_word' id='word_1_68' title='bbox 587 1263 803 1326; x_wconf 89' lang='lat' dir='ltr'><strong>constituerunt</strong></span> <span class='ocrx_word' id='word_1_69' title='bbox 830 1260 1030 1344; x_wconf 90' lang='lat' dir='ltr'><strong>prudentiam,</strong></span> <span class='ocrx_word' id='word_1_70' title='bbox 1061 1279 1138 1342; x_wconf 87' lang='lat' dir='ltr'><strong>quac</strong></span> <span class='ocrx_word' id='word_1_71' title='bbox 1158 1262 1190 1326; x_wconf 93' lang='lat' dir='ltr'><strong>in</strong></span> 
     </span>
     <span class='ocr_line' id='line_1_10' title="bbox 94 1373 1189 1458; baseline 0.002 -21"><span class='ocrx_word' id='word_1_72' title='bbox 94 1375 163 1437; x_wconf 90' lang='lat' dir='ltr'><strong>veri</strong></span> <span class='ocrx_word' id='word_1_73' title='bbox 185 1374 414 1457; x_wconf 79' lang='lat' dir='ltr'><strong>investigatione</strong></span> <span class='ocrx_word' id='word_1_74' title='bbox 441 1383 580 1439; x_wconf 91' lang='lat' dir='ltr'><strong>versatur</strong></span> <span class='ocrx_word' id='word_1_75' title='bbox 602 1382 633 1439; x_wconf 89' lang='lat' dir='ltr'><strong>et</strong></span> <span class='ocrx_word' id='word_1_76' title='bbox 654 1377 796 1440; x_wconf 80' lang='lat' dir='ltr'><strong>scientiae</strong></span> <span class='ocrx_word' id='word_1_77' title='bbox 818 1375 960 1458; x_wconf 87' lang='lat' dir='ltr'><strong>plenioris</strong></span> <span class='ocrx_word' id='word_1_78' title='bbox 984 1373 1110 1438; x_wconf 85' lang='lat' dir='ltr'><strong>infundit</strong></span> <span class='ocrx_word' id='word_1_79' title='bbox 1132 1393 1189 1439; x_wconf 91' lang='lat' dir='ltr'><strong>cu-</strong></span> 
     </span>
     <span class='ocr_line' id='line_1_11' title="bbox 94 1487 1189 1571; baseline 0.001 -20"><span class='ocrx_word' id='word_1_80' title='bbox 94 1487 262 1571; x_wconf 85' lang='lat' dir='ltr'><strong>piditatem3</strong></span> <span class='ocrx_word' id='word_1_81' title='bbox 284 1489 418 1553; x_wconf 92' lang='lat' dir='ltr'><strong>secundo</strong></span> <span class='ocrx_word' id='word_1_82' title='bbox 441 1491 589 1569; x_wconf 87' lang='lat' dir='ltr'><strong>iustitiam,</strong></span> <span class='ocrx_word' id='word_1_83' title='bbox 613 1509 690 1571; x_wconf 90' lang='lat' dir='ltr'><strong>quae</strong></span> <span class='ocrx_word' id='word_1_84' title='bbox 706 1508 792 1553; x_wconf 93' lang='lat' dir='ltr'><strong>suum</strong></span> <span class='ocrx_word' id='word_1_85' title='bbox 807 1491 914 1571; x_wconf 87' lang='lat' dir='ltr'><strong>cuique</strong></span> <span class='ocrx_word' id='word_1_86' title='bbox 930 1490 1039 1570; x_wconf 80' lang='lat' dir='ltr'><strong>tribuit,</strong></span> <span class='ocrx_word' id='word_1_87' title='bbox 1062 1489 1189 1552; x_wconf 89' lang='lat' dir='ltr'><strong>alienum</strong></span> 
     </span>
     <span class='ocr_line' id='line_1_12' title="bbox 94 1602 1187 1688; baseline 0.002 -24"><span class='ocrx_word' id='word_1_88' title='bbox 94 1620 156 1666; x_wconf 90' lang='lat' dir='ltr'><strong>non</strong></span> <span class='ocrx_word' id='word_1_89' title='bbox 171 1602 310 1683; x_wconf 87' lang='lat' dir='ltr'><strong>vindicat,</strong></span> <span class='ocrx_word' id='word_1_90' title='bbox 333 1605 484 1668; x_wconf 80' lang='lat' dir='ltr'><strong>utilitatem</strong></span> <span class='ocrx_word' id='word_1_91' title='bbox 499 1605 648 1687; x_wconf 91' lang='lat' dir='ltr'><strong>propriam</strong></span> <span class='ocrx_word' id='word_1_92' title='bbox 664 1604 808 1688; x_wconf 80' lang='lat' dir='ltr'><strong>neglegit,</strong></span> <span class='ocrx_word' id='word_1_93' title='bbox 829 1612 862 1667; x_wconf 94' lang='lat' dir='ltr'><strong>ut</strong></span> <span class='ocrx_word' id='word_1_94' title='bbox 878 1621 1062 1668; x_wconf 90' lang='lat' dir='ltr'><strong>communem</strong></span> <span class='ocrx_word' id='word_1_95' title='bbox 1078 1603 1187 1685; x_wconf 89' lang='lat' dir='ltr'><strong>aequi·</strong></span> 
     </span>
     <span class='ocr_line' id='line_1_13' title="bbox 94 1716 1186 1800; baseline 0.001 -21"><span class='ocrx_word' id='word_1_96' title='bbox 94 1723 183 1781; x_wconf 84' lang='lat' dir='ltr'><strong>tatem</strong></span> <span class='ocrx_word' id='word_1_97' title='bbox 206 1716 370 1796; x_wconf 88' lang='lat' dir='ltr'><strong>custodiat;</strong></span> <span class='ocrx_word' id='word_1_98' title='bbox 399 1719 488 1782; x_wconf 89' lang='lat' dir='ltr'><strong>tertio</strong></span> <span class='ocrx_word' id='word_1_99' title='bbox 512 1718 728 1800; x_wconf 88' lang='lat' dir='ltr'><strong>fortitudinem,</strong></span> <span class='ocrx_word' id='word_1_100' title='bbox 753 1736 830 1800; x_wconf 88' lang='lat' dir='ltr'><strong>quae</strong></span> <span class='ocrx_word' id='word_1_101' title='bbox 853 1726 883 1781; x_wconf 89' lang='lat' dir='ltr'><strong>et</strong></span> <span class='ocrx_word' id='word_1_102' title='bbox 904 1719 935 1781; x_wconf 94' lang='lat' dir='ltr'><strong>in</strong></span> <span class='ocrx_word' id='word_1_103' title='bbox 956 1719 1048 1782; x_wconf 90' lang='lat' dir='ltr'><strong>rebus</strong></span> <span class='ocrx_word' id='word_1_104' title='bbox 1071 1717 1186 1782; x_wconf 87' lang='lat' dir='ltr'><strong>bellicis</strong></span> 
     </span>
     <span class='ocr_line' id='line_1_14' title="bbox 94 1832 1188 1917; baseline -0.001 -22"><span class='ocrx_word' id='word_1_105' title='bbox 94 1832 208 1895; x_wconf 85' lang='lat' dir='ltr'><strong>excelsi</strong></span> <span class='ocrx_word' id='word_1_106' title='bbox 230 1832 318 1894; x_wconf 93' lang='lat' dir='ltr'><strong>animi</strong></span> <span class='ocrx_word' id='word_1_107' title='bbox 340 1832 541 1917; x_wconf 84' lang='lat' dir='ltr'><strong>magnitudine</strong></span> <span class='ocrx_word' id='word_1_108' title='bbox 559 1840 589 1896; x_wconf 91' lang='lat' dir='ltr'><strong>et</strong></span> <span class='ocrx_word' id='word_1_109' title='bbox 608 1833 687 1897; x_wconf 89' lang='lat' dir='ltr'><strong>domi</strong></span> <span class='ocrx_word' id='word_1_110' title='bbox 706 1834 815 1896; x_wconf 87' lang='lat' dir='ltr'><strong>eminet</strong></span> <span class='ocrx_word' id='word_1_111' title='bbox 838 1833 1034 1916; x_wconf 87' lang='lat' dir='ltr'><strong>corporisque</strong></span> <span class='ocrx_word' id='word_1_112' title='bbox 1056 1837 1188 1915; x_wconf 89' lang='lat' dir='ltr'><strong>praestat</strong></span> 
     </span>
    </p>

    <p class='ocr_par' dir='ltr' id='par_1_4' title="bbox 70 1946 1187 2144">
     <span class='ocr_line' id='line_1_15' title="bbox 70 1946 1187 2029; baseline -0.001 -21"><span class='ocrx_word' id='word_1_113' title='bbox 70 1947 206 2009; x_wconf 59' lang='lat' dir='ltr'><strong>nisibus</strong></span> <span class='ocrx_word' id='word_1_114' title='bbox 213 1967 223 2024; x_wconf 82' lang='lat'>3</span> <span class='ocrx_word' id='word_1_115' title='bbox 247 1953 351 2027; x_wconf 85' lang='lat' dir='ltr'><strong>quarto</strong></span> <span class='ocrx_word' id='word_1_116' title='bbox 373 1948 604 2028; x_wconf 86' lang='lat' dir='ltr'><strong>temperantiam,</strong></span> <span class='ocrx_word' id='word_1_117' title='bbox 628 1965 706 2029; x_wconf 91' lang='lat' dir='ltr'><strong>quae</strong></span> <span class='ocrx_word' id='word_1_118' title='bbox 727 1946 847 2010; x_wconf 89' lang='lat' dir='ltr'><strong>modurn</strong></span> <span class='ocrx_word' id='word_1_119' title='bbox 871 1946 1064 2028; x_wconf 87' lang='lat' dir='ltr'><strong>ordinemque</strong></span> <span class='ocrx_word' id='word_1_120' title='bbox 1087 1951 1187 2010; x_wconf 89' lang='lat' dir='ltr'><strong>servat</strong></span> 
     </span>
     <span class='ocr_line' id='line_1_16' title="bbox 95 2059 978 2144; baseline 0.001 -21"><span class='ocrx_word' id='word_1_121' title='bbox 95 2059 242 2140; x_wconf 86' lang='lat' dir='ltr'><strong>omniurn,</strong></span> <span class='ocrx_word' id='word_1_122' title='bbox 266 2078 342 2142; x_wconf 89' lang='lat' dir='ltr'><strong>quae</strong></span> <span class='ocrx_word' id='word_1_123' title='bbox 364 2060 412 2123; x_wconf 89' lang='lat' dir='ltr'><strong>vel</strong></span> <span class='ocrx_word' id='word_1_124' title='bbox 435 2060 552 2144; x_wconf 80' lang='lat' dir='ltr'><strong>agenda</strong></span> <span class='ocrx_word' id='word_1_125' title='bbox 575 2062 625 2123; x_wconf 86' lang='lat' dir='ltr'><strong>vel</strong></span> <span class='ocrx_word' id='word_1_126' title='bbox 649 2060 773 2124; x_wconf 92' lang='lat' dir='ltr'><strong>dicenda</strong></span> <span class='ocrx_word' id='word_1_127' title='bbox 796 2061 978 2124; x_wconf 85' lang='lat' dir='ltr'><strong>arbitramur.</strong></span> 
     </span>
    </p>
   </div>
   <div class='ocr_carea' id='block_1_3' title="bbox 482 2330 798 2399">
    <p class='ocr_par' dir='ltr' id='par_1_5' title="bbox 482 2330 798 2399">
     <span class='ocr_line' id='line_1_17' title="bbox 482 2330 798 2399; baseline -0.009 0"><span class='ocrx_word' id='word_1_128' title='bbox 482 2331 655 2399; x_wconf 83' lang='lat' dir='ltr'><strong>CAPUT</strong></span> <span class='ocrx_word' id='word_1_129' title='bbox 688 2330 798 2398; x_wconf 93' lang='lat' dir='ltr'>XXV.</span> 
     </span>
    </p>
   </div>
   <div class='ocr_carea' id='block_1_4' title="bbox 92 2494 1186 2654">
    <p class='ocr_par' dir='ltr' id='par_1_6' title="bbox 92 2494 1186 2654">
     <span class='ocr_line' id='line_1_18' title="bbox 92 2494 1186 2566; baseline -0.001 -16"><span class='ocrx_word' id='word_1_130' title='bbox 92 2496 216 2566; x_wconf 78' lang='lat' dir='ltr'><strong>Exposita</strong></span> <span class='ocrx_word' id='word_1_131' title='bbox 235 2513 281 2550; x_wconf 90' lang='lat' dir='ltr'><strong>cur</strong></span> <span class='ocrx_word' id='word_1_132' title='bbox 298 2497 400 2550; x_wconf 87' lang='lat' dir='ltr'><strong>ductum</strong></span> <span class='ocrx_word' id='word_1_133' title='bbox 418 2513 469 2550; x_wconf 89' lang='lat' dir='ltr'><strong>non</strong></span> <span class='ocrx_word' id='word_1_134' title='bbox 487 2498 562 2550; x_wconf 91' lang='lat' dir='ltr'><strong>luerit</strong></span> <span class='ocrx_word' id='word_1_135' title='bbox 577 2515 592 2551; x_wconf 85' lang='lat' dir='ltr'><strong>a</strong></span> <span class='ocrx_word' id='word_1_136' title='bbox 607 2500 754 2551; x_wconf 89' lang='lat' dir='ltr'><strong>memoratis</strong></span> <span class='ocrx_word' id='word_1_137' title='bbox 771 2498 903 2551; x_wconf 89' lang='lat' dir='ltr'><strong>virtutibus</strong></span> <span class='ocrx_word' id='word_1_138' title='bbox 921 2495 1063 2563; x_wconf 85' lang='lat' dir='ltr'><strong>exordium,</strong></span> <span class='ocrx_word' id='word_1_139' title='bbox 1083 2494 1186 2549; x_wconf 67' lang='lat' dir='ltr'><strong>easde-</strong></span> 
     </span>
     <span class='ocr_line' id='line_1_19' title="bbox 247 2585 1031 2654; baseline 0 -18"><span class='ocrx_word' id='word_1_140' title='bbox 247 2587 273 2636; x_wconf 91' lang='lat' dir='ltr'><strong>in</strong></span> <span class='ocrx_word' id='word_1_141' title='bbox 291 2585 419 2638; x_wconf 87' lang='lat' dir='ltr'><strong>veteribus</strong></span> <span class='ocrx_word' id='word_1_142' title='bbox 439 2586 551 2654; x_wconf 86' lang='lat' dir='ltr'><strong>patribus</strong></span> <span class='ocrx_word' id='word_1_143' title='bbox 569 2587 693 2639; x_wconf 82' lang='lat' dir='ltr'><strong>exstitisse</strong></span> <span class='ocrx_word' id='word_1_144' title='bbox 711 2587 822 2654; x_wconf 85' lang='lat' dir='ltr'><strong>pressius</strong></span> <span class='ocrx_word' id='word_1_145' title='bbox 841 2586 1031 2637; x_wconf 88' lang='lat' dir='ltr'><strong>demonstratur.</strong></span> 
     </span>
    </p>
   </div>
   <div class='ocr_carea' id='block_1_5' title="bbox 88 2741 1187 3988">
    <p class='ocr_par' dir='ltr' id='par_1_7' title="bbox 88 2741 1187 3635">
     <span class='ocr_line' id='line_1_20' title="bbox 182 2741 1187 2829; baseline -0.002 -19"><span class='ocrx_word' id='word_1_146' title='bbox 182 2741 253 2810; x_wconf 83' lang='lat'><strong>116.</strong></span> <span class='ocrx_word' id='word_1_147' title='bbox 297 2747 379 2811; x_wconf 90' lang='lat' dir='ltr'><strong>Haec</strong></span> <span class='ocrx_word' id='word_1_148' title='bbox 405 2746 530 2813; x_wconf 88' lang='lat' dir='ltr'><strong>forsitan</strong></span> <span class='ocrx_word' id='word_1_149' title='bbox 559 2748 664 2829; x_wconf 88' lang='lat' dir='ltr'><strong>aliquis</strong></span> <span class='ocrx_word' id='word_1_150' title='bbox 688 2747 766 2811; x_wconf 92' lang='lat' dir='ltr'><strong>dicat</strong></span> <span class='ocrx_word' id='word_1_151' title='bbox 788 2747 883 2828; x_wconf 87' lang='lat' dir='ltr'><strong>primo</strong></span> <span class='ocrx_word' id='word_1_152' title='bbox 906 2745 973 2809; x_wconf 87' lang='lat' dir='ltr'><strong>loco</strong></span> <span class='ocrx_word' id='word_1_153' title='bbox 996 2745 1068 2828; x_wconf 91' lang='lat' dir='ltr'><strong>poni</strong></span> <span class='ocrx_word' id='word_1_154' title='bbox 1091 2761 1187 2828; x_wconf 90' lang='lat' dir='ltr'><strong>opor-</strong></span> 
     </span>
     <span class='ocr_line' id='line_1_21' title="bbox 90 2860 1186 2945; baseline -0.002 -19"><span class='ocrx_word' id='word_1_155' title='bbox 90 2862 195 2942; x_wconf 88' lang='lat' dir='ltr'><strong>tuisse,</strong></span> <span class='ocrx_word' id='word_1_156' title='bbox 219 2864 356 2943; x_wconf 85' lang='lat' dir='ltr'><strong>quoniam</strong></span> <span class='ocrx_word' id='word_1_157' title='bbox 373 2863 409 2925; x_wconf 88' lang='lat' dir='ltr'><strong>ab</strong></span> <span class='ocrx_word' id='word_1_158' title='bbox 429 2862 476 2926; x_wconf 92' lang='lat' dir='ltr'><strong>bis</strong></span> <span class='ocrx_word' id='word_1_159' title='bbox 496 2870 635 2945; x_wconf 89' lang='lat' dir='ltr'><strong>quattuor</strong></span> <span class='ocrx_word' id='word_1_160' title='bbox 658 2863 814 2926; x_wconf 90' lang='lat' dir='ltr'><strong>virtutibus</strong></span> <span class='ocrx_word' id='word_1_161' title='bbox 837 2868 998 2924; x_wconf 90' lang='lat' dir='ltr'><strong>nascuntur</strong></span> <span class='ocrx_word' id='word_1_162' title='bbox 1020 2860 1186 2925; x_wconf 88' lang='lat' dir='ltr'><strong>officiorum</strong></span> 
     </span>
     <span class='ocr_line' id='line_1_22' title="bbox 91 2975 1183 3060; baseline 0.002 -22"><span class='ocrx_word' id='word_1_163' title='bbox 91 2994 218 3060; x_wconf 84' lang='lat' dir='ltr'><strong>genera.</strong></span> <span class='ocrx_word' id='word_1_164' title='bbox 263 2975 324 3048; x_wconf 88' lang='lat' dir='ltr'><strong>Sed</strong></span> <span class='ocrx_word' id='word_1_165' title='bbox 346 2975 405 3040; x_wconf 90' lang='lat' dir='ltr'><strong>boc</strong></span> <span class='ocrx_word' id='word_1_166' title='bbox 427 2978 497 3040; x_wconf 87' lang='lat' dir='ltr'><strong>artis</strong></span> <span class='ocrx_word' id='word_1_167' title='bbox 521 2984 582 3058; x_wconf 91' lang='lat' dir='ltr'><strong>est,</strong></span> <span class='ocrx_word' id='word_1_168' title='bbox 606 2987 638 3041; x_wconf 92' lang='lat' dir='ltr'><strong>ut</strong></span> <span class='ocrx_word' id='word_1_169' title='bbox 659 2979 754 3060; x_wconf 93' lang='lat' dir='ltr'><strong>primo</strong></span> <span class='ocrx_word' id='word_1_170' title='bbox 780 2976 908 3041; x_wconf 89' lang='lat' dir='ltr'><strong>officium</strong></span> <span class='ocrx_word' id='word_1_171' title='bbox 931 2975 1103 3057; x_wconf 88' lang='lat' dir='ltr'><strong>deliniatur,</strong></span> <span class='ocrx_word' id='word_1_172' title='bbox 1124 2995 1183 3059; x_wconf 93' lang='lat' dir='ltr'><strong>po-</strong></span> 
     </span>
     <span class='ocr_line' id='line_1_23' title="bbox 90 3090 1186 3176; baseline 0 -20"><span class='ocrx_word' id='word_1_173' title='bbox 90 3098 157 3156; x_wconf 87' lang='lat' dir='ltr'><strong>stea</strong></span> <span class='ocrx_word' id='word_1_174' title='bbox 189 3097 270 3155; x_wconf 87' lang='lat' dir='ltr'><strong>certa</strong></span> <span class='ocrx_word' id='word_1_175' title='bbox 300 3092 330 3154; x_wconf 93' lang='lat' dir='ltr'><strong>in</strong></span> <span class='ocrx_word' id='word_1_176' title='bbox 360 3111 475 3176; x_wconf 87' lang='lat' dir='ltr'><strong>genera</strong></span> <span class='ocrx_word' id='word_1_177' title='bbox 506 3093 659 3158; x_wconf 87' lang='lat' dir='ltr'><strong>dividatur.</strong></span> <span class='ocrx_word' id='word_1_178' title='bbox 704 3094 768 3157; x_wconf 89' lang='lat' dir='ltr'><strong>Nos</strong></span> <span class='ocrx_word' id='word_1_179' title='bbox 791 3098 887 3156; x_wconf 85' lang='lat' dir='ltr'><strong>autern</strong></span> <span class='ocrx_word' id='word_1_180' title='bbox 922 3097 1014 3154; x_wconf 87' lang='lat' dir='ltr'><strong>artem</strong></span> <span class='ocrx_word' id='word_1_181' title='bbox 1046 3090 1186 3176; x_wconf 82' lang='lat' dir='ltr'><strong>fugimus,</strong></span> 
     </span>
     <span class='ocr_line' id='line_1_24' title="bbox 90 3204 1185 3289; baseline -0.002 -20"><span class='ocrx_word' id='word_1_182' title='bbox 90 3206 230 3287; x_wconf 84' lang='lat' dir='ltr'><strong>exempla</strong></span> <span class='ocrx_word' id='word_1_183' title='bbox 260 3206 404 3270; x_wconf 89' lang='lat' dir='ltr'><strong>maiorum</strong></span> <span class='ocrx_word' id='word_1_184' title='bbox 434 3210 643 3289; x_wconf 89' lang='lat' dir='ltr'><strong>proponimus,</strong></span> <span class='ocrx_word' id='word_1_185' title='bbox 676 3228 753 3289; x_wconf 89' lang='lat' dir='ltr'><strong>quae</strong></span> <span class='ocrx_word' id='word_1_186' title='bbox 775 3225 873 3289; x_wconf 90' lang='lat' dir='ltr'><strong>neque</strong></span> <span class='ocrx_word' id='word_1_187' title='bbox 896 3207 1105 3270; x_wconf 85' lang='lat' dir='ltr'><strong>obscuritatem</strong></span> <span class='ocrx_word' id='word_1_188' title='bbox 1127 3204 1185 3268; x_wconf 89' lang='lat' dir='ltr'><strong>ad-</strong></span> 
     </span>
     <span class='ocr_line' id='line_1_25' title="bbox 89 3319 1185 3408; baseline -0.004 -22"><span class='ocrx_word' id='word_1_189' title='bbox 89 3322 193 3386; x_wconf 86' lang='lat' dir='ltr'><strong>ferunt</strong></span> <span class='ocrx_word' id='word_1_190' title='bbox 214 3322 253 3384; x_wconf 86' lang='lat' dir='ltr'><strong>ad</strong></span> <span class='ocrx_word' id='word_1_191' title='bbox 275 3322 527 3408; x_wconf 86' lang='lat' dir='ltr'><strong>intellegendum,</strong></span> <span class='ocrx_word' id='word_1_192' title='bbox 557 3343 656 3406; x_wconf 90' lang='lat' dir='ltr'><strong>neque</strong></span> <span class='ocrx_word' id='word_1_193' title='bbox 680 3324 717 3386; x_wconf 92' lang='lat' dir='ltr'><strong>ad</strong></span> <span class='ocrx_word' id='word_1_194' title='bbox 738 3323 922 3387; x_wconf 89' lang='lat' dir='ltr'><strong>tractandum</strong></span> <span class='ocrx_word' id='word_1_195' title='bbox 944 3321 1098 3384; x_wconf 86' lang='lat' dir='ltr'><strong>versutias.</strong></span> <span class='ocrx_word' id='word_1_196' title='bbox 1142 3319 1185 3386; x_wconf 85' lang='lat' dir='ltr'><strong>Sit</strong></span> 
     </span>
     <span class='ocr_line' id='line_1_26' title="bbox 88 3431 1183 3520; baseline -0.004 -20"><span class='ocrx_word' id='word_1_197' title='bbox 88 3437 182 3520; x_wconf 84' lang='lat' dir='ltr'><strong>igitur</strong></span> <span class='ocrx_word' id='word_1_198' title='bbox 203 3436 289 3499; x_wconf 93' lang='lat' dir='ltr'><strong>nobis</strong></span> <span class='ocrx_word' id='word_1_199' title='bbox 310 3437 369 3500; x_wconf 87' lang='lat' dir='ltr'><strong>vila</strong></span> <span class='ocrx_word' id='word_1_200' title='bbox 391 3437 535 3500; x_wconf 91' lang='lat' dir='ltr'><strong>maiorum</strong></span> <span class='ocrx_word' id='word_1_201' title='bbox 559 3435 731 3518; x_wconf 90' lang='lat' dir='ltr'><strong>disciplinae</strong></span> <span class='ocrx_word' id='word_1_202' title='bbox 754 3436 916 3518; x_wconf 84' lang='lat' dir='ltr'><strong>speculum,</strong></span> <span class='ocrx_word' id='word_1_203' title='bbox 938 3453 999 3498; x_wconf 92' lang='lat' dir='ltr'><strong>non</strong></span> <span class='ocrx_word' id='word_1_204' title='bbox 1021 3431 1183 3497; x_wconf 85' lang='lat' dir='ltr'><strong>calliditatis</strong></span> 
     </span>
     <span class='ocr_line' id='line_1_27' title="bbox 89 3549 1120 3635; baseline -0.006 -17"><span class='ocrx_word' id='word_1_205' title='bbox 89 3553 350 3634; x_wconf 91' lang='lat' dir='ltr'><strong>commentarium,</strong></span> <span class='ocrx_word' id='word_1_206' title='bbox 373 3550 505 3617; x_wconf 87' lang='lat' dir='ltr'><strong>imitandi</strong></span> <span class='ocrx_word' id='word_1_207' title='bbox 526 3553 713 3633; x_wconf 86' lang='lat' dir='ltr'><strong>reverentia,</strong></span> <span class='ocrx_word' id='word_1_208' title='bbox 735 3570 795 3616; x_wconf 93' lang='lat' dir='ltr'><strong>non</strong></span> <span class='ocrx_word' id='word_1_209' title='bbox 819 3549 985 3635; x_wconf 89' lang='lat' dir='ltr'><strong>disputandi</strong></span> <span class='ocrx_word' id='word_1_210' title='bbox 1007 3549 1120 3613; x_wconf 87' lang='lat' dir='ltr'><strong>astutia.</strong></span> 
     </span>
    </p>

    <p class='ocr_par' dir='ltr' id='par_1_8' title="bbox 89 3663 1184 3988">
     <span class='ocr_line' id='line_1_28' title="bbox 181 3663 1182 3748; baseline -0.004 -18"><span class='ocrx_word' id='word_1_211' title='bbox 181 3664 252 3730; x_wconf 82' lang='lat'><strong>117.</strong></span> <span class='ocrx_word' id='word_1_212' title='bbox 296 3666 363 3729; x_wconf 86' lang='lat' dir='ltr'><strong>Fuit</strong></span> <span class='ocrx_word' id='word_1_213' title='bbox 392 3665 483 3747; x_wconf 86' lang='lat' dir='ltr'><strong>igitur</strong></span> <span class='ocrx_word' id='word_1_214' title='bbox 512 3666 542 3727; x_wconf 94' lang='lat' dir='ltr'><strong>in</strong></span> <span class='ocrx_word' id='word_1_215' title='bbox 572 3670 675 3728; x_wconf 89' lang='lat' dir='ltr'><strong>sancto</strong></span> <span class='ocrx_word' id='word_1_216' title='bbox 706 3663 855 3727; x_wconf 79' lang='lat' dir='ltr'><strong>Abrabam</strong></span> <span class='ocrx_word' id='word_1_217' title='bbox 885 3665 980 3748; x_wconf 75' lang='lat' dir='ltr'><strong>prino</strong></span> <span class='ocrx_word' id='word_1_218' title='bbox 998 3664 1076 3736; x_wconf 92' lang='lat' dir='ltr'><strong>loco</strong></span> <span class='ocrx_word' id='word_1_219' title='bbox 1105 3681 1182 3745; x_wconf 90' lang='lat' dir='ltr'><strong>prn-</strong></span> 
     </span>
     <span class='ocr_line' id='line_1_29' title="bbox 90 3775 1184 3871; baseline -0.004 -28"><span class='ocrx_word' id='word_1_220' title='bbox 90 3778 208 3861; x_wconf 85' lang='lat' dir='ltr'><strong>dentia,</strong></span> <span class='ocrx_word' id='word_1_221' title='bbox 240 3779 278 3844; x_wconf 92' lang='lat' dir='ltr'><strong>de</strong></span> <span class='ocrx_word' id='word_1_222' title='bbox 301 3799 360 3863; x_wconf 91' lang='lat' dir='ltr'><strong>quo</strong></span> <span class='ocrx_word' id='word_1_223' title='bbox 388 3779 457 3843; x_wconf 92' lang='lat' dir='ltr'><strong>dicit</strong></span> <span class='ocrx_word' id='word_1_224' title='bbox 486 3779 648 3861; x_wconf 90' lang='lat' dir='ltr'><strong>scriptura:</strong></span> <span class='ocrx_word' id='word_1_225' title='bbox 666 3775 698 3864; x_wconf 78' lang='lat'><strong>²)</strong></span> <span class='ocrx_word' id='word_1_226' title='bbox 729 3779 871 3842; x_wconf 68' lang='lat' dir='ltr'><strong>Credidit</strong></span> <span class='ocrx_word' id='word_1_227' title='bbox 893 3778 1050 3871; x_wconf 67' lang='lat' dir='ltr'><strong>Abrabam</strong></span> <span class='ocrx_word' id='word_1_228' title='bbox 1072 3776 1130 3842; x_wconf 88' lang='lat' dir='ltr'><strong>deo</strong></span> <span class='ocrx_word' id='word_1_229' title='bbox 1153 3786 1184 3840; x_wconf 88' lang='lat' dir='ltr'><strong>et</strong></span> 
     </span>
     <span class='ocr_line' id='line_1_30' title="bbox 89 3892 1182 3988; baseline -0.001 -29"><span class='ocrx_word' id='word_1_230' title='bbox 89 3901 265 3976; x_wconf 83' lang='lat' dir='ltr'><strong>reputatum</strong></span> <span class='ocrx_word' id='word_1_231' title='bbox 294 3903 340 3957; x_wconf 82' lang='lat' dir='ltr'><strong>est</strong></span> <span class='ocrx_word' id='word_1_232' title='bbox 368 3895 417 3955; x_wconf 84' lang='lat' dir='ltr'><strong>illi</strong></span> <span class='ocrx_word' id='word_1_233' title='bbox 440 3895 483 3956; x_wconf 86' lang='lat' dir='ltr'><strong>ad</strong></span> <span class='ocrx_word' id='word_1_234' title='bbox 512 3895 672 3958; x_wconf 82' lang='lat' dir='ltr'><strong>iustitium.</strong></span> <span class='ocrx_word' id='word_1_235' title='bbox 716 3894 811 3957; x_wconf 89' lang='lat' dir='ltr'><strong>Nemo</strong></span> <span class='ocrx_word' id='word_1_236' title='bbox 842 3895 919 3957; x_wconf 88' lang='lat' dir='ltr'><strong>enim</strong></span> <span class='ocrx_word' id='word_1_237' title='bbox 949 3892 1100 3988; x_wconf 77' lang='lat' dir='ltr'><strong>prudenS,</strong></span> <span class='ocrx_word' id='word_1_238' title='bbox 1132 3893 1182 3980; x_wconf 86' lang='lat' dir='ltr'><strong>qui</strong></span> 
     </span>
    </p>
   </div>
   <div class='ocr_carea' id='block_1_6' title="bbox 52 4135 802 4215">
    <p class='ocr_par' dir='ltr' id='par_1_9' title="bbox 52 4135 802 4215">
     <span class='ocr_line' id='line_1_31' title="bbox 52 4135 802 4215; baseline 0.011 -30"><span class='ocrx_word' id='word_1_239' title='bbox 52 4168 56 4174; x_wconf 83' lang='lat'><strong>.</strong></span> <span class='ocrx_word' id='word_1_240' title='bbox 162 4135 190 4203; x_wconf 88' lang='grc'><strong>1)</strong></span> <span class='ocrx_word' id='word_1_241' title='bbox 209 4135 233 4190; x_wconf 87' lang='grc'><strong>1.</strong></span> <span class='ocrx_word' id='word_1_242' title='bbox 251 4136 315 4208; x_wconf 70' lang='lat' dir='ltr'><strong>lleg.</strong></span> <span class='ocrx_word' id='word_1_243' title='bbox 335 4136 376 4207; x_wconf 79' lang='lat'><strong>17,</strong></span> <span class='ocrx_word' id='word_1_244' title='bbox 394 4136 412 4196; x_wconf 82' lang='grc' dir='ltr'><strong>β</strong></span> <span class='ocrx_word' id='word_1_245' title='bbox 428 4154 497 4209; x_wconf 46' lang='lat' dir='ltr'><strong>seq,</strong></span> <span class='ocrx_word' id='word_1_246' title='bbox 555 4135 693 4215; x_wconf 61' lang='lat' dir='ltr'><strong>dillenes.</strong></span> <span class='ocrx_word' id='word_1_247' title='bbox 715 4136 758 4208; x_wconf 86' lang='lat'><strong>15,</strong></span> <span class='ocrx_word' id='word_1_248' title='bbox 777 4137 802 4193; x_wconf 87' lang='grc'><strong>6.</strong></span> 
     </span>
    </p>
   </div>
   <div class='ocr_carea' id='block_1_7' title="bbox 0 0 1350 4666">
    <p class='ocr_par' dir='ltr' id='par_1_10' title="bbox 0 0 1350 4666">
     <span class='ocr_line' id='line_1_32' title="bbox 0 0 1350 4666; baseline 0 0"><span class='ocrx_word' id='word_1_249' title='bbox 0 0 1350 4666; x_wconf 95' lang='lat' dir='ltr'><strong> </strong></span> 
     </span>
    </p>
   </div>
  </div>
 </body>
</html>
