2692 4666
319 334 365 389 DE
384 332 519 390 oltricus
538 330 761 389 n1n1snnonott
777 329 875 388 mun
893 333 913 388 l.
1121 337 1160 404 41

68 499 161 579 dere,
191 505 223 562 ut
245 498 305 562 duo
329 502 507 561 concurrant
529 494 654 558 honesta
678 501 708 557 et
730 494 790 558 duo
813 495 912 574 utilia,
943 502 972 558 at
995 502 1164 577 quaeratur,

69 612 141 694 quid
170 613 325 677 honestius
348 621 378 676 et
401 612 472 694 quid
496 610 605 673 utilius.
650 609 775 672 Primum
806 609 896 692 igitur
919 610 949 672 in
971 617 1032 673 tres
1062 617 1163 692 partes

70 727 201 791 officium
228 726 375 808 dividitur,
398 728 559 792 honestum
579 731 608 788 et
630 724 700 788 utile
716 732 747 787 et
765 723 835 805 quid
857 727 1063 807 praestantius.
1100 726 1165 790 De-

70 839 140 904 inde
162 840 238 903 haec
260 840 316 904 tria
338 842 368 903 in
392 841 523 922 quinque
546 856 661 922 genera
693 837 873 917 diviserunt,
905 840 934 900 in
958 838 1016 902 duo
1040 839 1165 903 honesta

71 960 102 1017 et
124 954 184 1018 duo
208 954 290 1016 utilia
311 961 342 1017 et
364 954 494 1038 eligendi
517 952 663 1016 indicium.
709 951 804 1015 Prima
825 952 978 1035 pertinere
1005 952 1105 1016 dicunt
1127 952 1165 1016 ad

71 1067 166 1131 decus
190 1069 435 1150 honestatemque
458 1069 552 1148 vitae,
585 1066 716 1130 secunda
739 1066 776 1129 ad
802 1066 881 1131 vitae
904 1066 1075 1146 commoda,
1110 1086 1167 1130 co-

70 1182 153 1265 pias,
189 1200 283 1265 opes,
317 1182 487 1263 facultatem
521 1182 559 1245 de
592 1182 638 1245 his
670 1182 824 1265 elegendis
857 1183 984 1246 subesse
1017 1182 1165 1246 iudicium.

72 1296 153 1360 Haec
176 1297 226 1375 illi.

160 1405 212 1474 28.
257 1411 320 1474 Nos
351 1417 450 1473 aulem
479 1409 549 1472 nihil
576 1410 712 1490 omnino,
745 1410 802 1472 nisi
825 1410 906 1491 quod
929 1411 1035 1474 deceat
1057 1418 1087 1473 et
1107 1411 1168 1475 ho-

73 1530 190 1589 nestum
211 1525 266 1605 sit,
289 1525 456 1588 futurorum
478 1525 590 1609 magis,
612 1543 699 1604 quam
722 1527 921 1606 praesentium
945 1526 1080 1587 metimur
1102 1524 1168 1588 lor-

73 1638 169 1719 mula,
198 1639 329 1720 nihilque
351 1637 439 1716 ulile,
462 1639 520 1700 nisi
543 1636 624 1718 quod
646 1637 683 1700 ad
707 1639 786 1700 vitae
810 1638 888 1702 illius
912 1645 1051 1701 aeternae
1074 1640 1169 1720 prosit

73 1757 216 1839 gratiam,
253 1754 422 1832 definimus,
458 1771 519 1816 non
552 1752 631 1833 quod
664 1752 702 1815 ad
736 1751 962 1816 delectationem
993 1754 1169 1834 praesentis.

73 1871 181 1952 Neque
212 1869 308 1951 aliqua
340 1869 494 1934 commoda
523 1869 554 1930 in
585 1868 771 1932 facultatibus
795 1876 826 1931 et
849 1869 942 1951 copiis
970 1887 1059 1950 opum
1090 1886 1169 1931 con-

74 1984 241 2064 stituimuS,
273 1985 327 2048 sed
351 1983 537 2048 incommoda
568 1983 643 2046 haec
673 1990 827 2064 putamus,
860 1984 885 2045 si
909 2001 969 2045 non
999 1983 1169 2062 reiciantur,

76 2117 173 2180 eaque
206 2100 307 2178 oneri,
341 2118 407 2162 curn
441 2100 517 2177 sint,
552 2098 699 2161 aestimari
733 2098 845 2180 magis,
880 2116 966 2178 quam
1003 2096 1168 2178 dispendio,

76 2232 143 2277 oum
168 2219 338 2297 erogantur.

166 2323 216 2393 29.
261 2327 328 2390 Non
351 2326 532 2409 superfluum
555 2327 643 2410 igitur
673 2328 843 2408 scriptionis
870 2333 992 2389 nostrae
1015 2332 1061 2389 est
1085 2342 1171 2407 opus,

78 2440 147 2521 quia
171 2437 299 2501 oliicium
320 2439 438 2503 diversa
461 2440 648 2502 aestimamus
684 2440 789 2522 regula
812 2446 899 2520 atque
922 2439 962 2501 illi
992 2440 1171 2502 aestimave-

77 2559 156 2616 runt.
201 2551 244 2614 llli
266 2553 379 2615 saeculi
409 2552 563 2616 commoda
586 2554 722 2617 inbonis
746 2553 873 2633 ducunt,
908 2570 964 2616 nos
987 2553 1062 2616 haee
1085 2553 1172 2615 etiam

78 2669 109 2731 in
132 2668 330 2748 detrimentis,
363 2669 515 2750 quoniam,
547 2670 595 2748 qui
618 2669 679 2731 hic·
695 2669 801 2751 recipit
824 2669 919 2746 bona,
950 2673 982 2730 ut
1005 2667 1055 2729 ille
1078 2666 1172 2747 dives,

78 2783 139 2845 illic
160 2783 307 2846 cruciatur
315 2804 324 2860 ;
349 2790 379 2846 et
400 2783 546 2861 Lazarus,
570 2785 621 2863 qui
643 2784 718 2846 mala
741 2784 789 2845 hio
812 2781 948 2865 pertulit,
976 2782 1035 2845 illic
1058 2800 1183 2872 conso-¹

79 2896 221 2958 lationem
243 2895 362 2959 invenit.
378 2893 408 2978 ¹)
446 2895 561 2960 Deinde
578 2897 627 2976 qui
642 2896 691 2959 illa
707 2914 767 2959 non
789 2897 911 2978 legunt,
934 2904 1037 2960 nostra
1059 2897 1173 2978 legent,

65 3011 106 3073 -si
128 3011 245 3087 volent3
280 3009 414 3090 quinon
438 3027 608 3072 sermonum
630 3008 862 3090 supellectilem,
885 3027 984 3089 neque
1007 3014 1099 3072 artem
1124 3007 1173 3071 di-

82 3121 187 3202 cendi,
210 3121 263 3186 sed
285 3120 447 3203 simplicem
469 3139 570 3184 rernm
594 3121 753 3202 exquirunt
775 3121 908 3204 gratiam.

506 3321 680 3390 CAPUT
707 3325 750 3389 X.

80 3486 154 3539 Prius
165 3487 192 3538 in
204 3459 292 3538 sacris¹
301 3485 391 3538 litteris
410 3487 539 3555 decorum,
558 3507 632 3559 quam
645 3492 670 3542 in
687 3490 894 3558 philosophorum
906 3488 976 3542 libris
988 3487 1175 3559 frequentatum

81 3590 153 3627 esse:
172 3572 342 3642 Pythagoram
359 3573 452 3625 silentii
467 3577 506 3627 sui
519 3575 603 3644 legem
616 3585 754 3629 mutuatum
767 3593 782 3629 a
796 3576 912 3642 Davidc3
932 3576 977 3627 sed
998 3576 1071 3627 huius
1091 3583 1174 3627 tamen

152 3669 283 3729 praestare
303 3660 476 3733 disciplinam,
496 3678 552 3713 cum
570 3664 675 3731 primum
694 3663 804 3716 officium
821 3665 853 3714 sit
870 3662 990 3733 loquendi
1007 3660 1105 3713 modus.

171 3800 223 3867 30.
268 3805 417 3868 Decorum
441 3811 538 3868 autem
560 3806 590 3867 in
613 3807 722 3868 nostris
745 3806 897 3888 scripturis
920 3806 1013 3887 primo
1037 3805 1176 3868 constitui

82 3922 174 4000 loco,
208 3917 287 3998 quod
312 3917 425 3982 Graece
455 3913 581 4006 πρέπον
611 3919 731 4000 dicitur,
766 3920 936 3983 instruimur
967 3926 997 3982 et
1024 3917 1175 3999 docemur,

155 4160 185 4233 1)
202 4159 261 4213 nuc.
282 4159 324 4235 ro,
343 4159 386 4213 25.
