2692 4666
407 303 451 353 DE
472 301 608 354 unricus
628 301 850 354 ttlttlst'ttotttttt
867 301 963 354 blBER
980 302 1022 355 lll.
1204 305 1265 368 195

253 455 305 525 58.
350 460 425 523 llinc
447 466 609 524 nascuntur
631 461 758 543 aucupio
782 463 937 542 quaesitae
959 460 1158 542 hereditates,
1188 480 1266 525 con-

166 576 308 637 tinentiae
331 581 420 655 atque
442 573 596 657 gravitatis
627 548 992 655 simulatione-captatae:
1023 570 1104 653 quod
1126 571 1266 637 abhorret

166 709 183 750 a
206 690 362 770 proposito
387 687 544 750 Christiani
567 687 623 749 viri
631 707 640 764 3
665 705 752 750 omne
776 688 869 766 enim,
893 685 974 768 quod
997 693 1061 748 arte
1084 685 1213 747 elicitum
1235 691 1266 749 et

167 801 272 865 lraude
305 803 493 883 conpositum
524 805 586 880 est,
619 806 703 861 caret
736 801 840 863 merito
872 799 1073 881 simplicitatis.
1116 796 1148 859 ln
1181 797 1264 878 ipsis,

167 915 216 993 qui
239 913 350 975 nullum
375 912 571 974 ecclesiastici
595 912 707 975 ordinis
731 910 861 975 officium
884 913 1072 992 receperint,
1099 912 1265 993 incongrua

166 1025 311 1089 iudicatur
335 1025 501 1087 adsectatae
525 1025 644 1087 ambitio
667 1023 849 1088 hereditatis.
886 1024 918 1086 ln
942 1042 1082 1107 supremo
1104 1012 1164 1087 line
1186 1025 1265 1086 vitae

166 1139 281 1219 positos
304 1156 391 1200 suum
413 1137 525 1199 habere
554 1137 708 1216 iudicium,
739 1145 772 1200 ut
793 1137 887 1200 libere
918 1117 1064 1200 testentur
1086 1136 1168 1218 quod
1189 1155 1264 1200 sen-

167 1250 251 1328 tiunt,
273 1252 323 1331 qui
346 1256 450 1331 postea
472 1268 534 1312 non
556 1256 623 1312 sunt
647 1251 831 1313 emendaturi
838 1272 848 1328 ;
871 1269 938 1313 cum
961 1251 1119 1314 honestum
1141 1268 1203 1313 non
1225 1251 1263 1312 sit

165 1363 355 1443 conpetentia
387 1360 552 1442 conpendia
584 1362 649 1423 aliis
683 1362 733 1424 vel
768 1362 865 1424 debita
899 1363 947 1425 vel
979 1370 1081 1445 parata
1114 1370 1263 1442 avertere,

166 1494 233 1538 eum
257 1475 306 1537 vel
337 1472 502 1537 sacerdotis
531 1472 580 1534 vel
608 1472 734 1535 ministri
757 1474 795 1536 sit
817 1472 981 1555 prodesse,
1015 1474 1041 1536 si
1063 1473 1129 1536 lieri
1154 1479 1263 1556 potest,

166 1586 320 1666 omnibus,
344 1586 454 1648 obesse
475 1585 595 1647 nemini.

255 1697 306 1764 59.
350 1698 488 1778 Denique
517 1698 544 1759 si
565 1714 626 1759 uon
657 1702 758 1777 potest
788 1696 873 1759 alteri
905 1697 1074 1778 subveniri,
1104 1700 1161 1763 nisi
1189 1701 1264 1763 alter

165 1814 319 1894 laedatur,
348 1810 532 1876 commodius
555 1818 602 1874 est
624 1817 761 1873 neutrum
784 1812 897 1891 iuvari,
932 1831 1019 1892 quam
1042 1813 1162 1896 gravmi
1185 1813 1263 1899 alte-

165 1948 240 1991 rum.
284 1927 417 2006 Ideoque
446 1926 476 1987 in
504 1926 602 1987 causis
632 1925 812 2008 pecuniariis
842 1925 1024 1988 intervenire
1050 1944 1111 1988 nun
1141 1931 1186 1988 est
1208 1944 1262 2011 sa-

166 2041 315 2120 cerdotis,
339 2042 368 2103 in
392 2040 498 2120 quibus
521 2058 584 2102 non
605 2044 705 2121 potest
727 2039 809 2118 fieri,
839 2039 910 2120 quin
932 2037 1107 2120 frequenter
1128 2038 1263 2103 laedatur

167 2156 261 2234 alter,
284 2155 335 2236 qui
356 2156 502 2234 vincitur,
534 2155 673 2235 quoniam
696 2154 904 2217 intercessoris
926 2153 1073 2217 beneficio
1096 2172 1131 2216 se
1153 2154 1263 2217 victum

167 2269 336 2330 arbitratur.
381 2267 550 2333 Sacerdotis
574 2275 620 2329 est
642 2267 733 2349 igitur
755 2267 826 2331 nulli
857 2285 985 2348 nocere,
1015 2267 1163 2350 prodesse
1186 2267 1263 2331 velle

168 2382 322 2458 omnibus;
352 2399 442 2463 posse
471 2389 570 2444 autem
600 2381 694 2444 solius
723 2387 768 2444 est
790 2381 846 2443 dei.
891 2381 966 2445 Nam
988 2381 1019 2446 in
1040 2400 1130 2445 causa
1161 2383 1263 2465 capitis

166 2512 280 2557 nocere
301 2495 338 2573 ei,
362 2512 450 2574 quem
472 2494 575 2555 iuvare
598 2492 709 2555 debeas
733 2493 957 2575 periclitantem,
981 2512 1042 2557 non
1058 2497 1124 2558 sine
1139 2501 1263 2576 peccato

167 2613 216 2671 est
236 2610 338 2689 gravi;
362 2608 392 2668 in
416 2624 506 2668 causa
527 2613 625 2668 aulem
648 2608 793 2688 pecuniae
817 2605 884 2669 odia
908 2625 1055 2686 quaerere
1076 2608 1263 2688 insipientiae

167 2728 231 2800 est,
254 2740 320 2784 cum
342 2738 397 2802 pro
419 2721 514 2783 salute
536 2720 663 2783 hominis
685 2738 796 2803 graves
819 2719 993 2800 frequenter
1008 2719 1079 2781 fiant
1098 2720 1262 2802 molestiae,

168 2832 199 2896 in
215 2854 274 2915 quo
299 2837 386 2897 etiam
409 2833 569 2916 periclitari
592 2834 757 2918 gloriosum
779 2840 833 2897 est.
878 2835 1033 2916 Proposita
1055 2835 1145 2918 igitur
1168 2834 1263 2899 forma

106 2993 111 3009 ,-
166 2950 198 3012 in
220 2949 385 3012 sacerdotis
418 2947 517 3010 officio
547 2953 700 3027 teneatur,
732 2954 764 3010 ut
786 2947 859 3010 nulli
886 2953 1011 3028 noceat,
1041 2967 1081 3012 ne
1103 2950 1262 3014 lacessitus

106 3020 126 3181 1
167 3062 287 3143 quidem
318 3068 348 3124 et
381 3063 480 3143 aliqua
509 3063 615 3125 iniuria
644 3062 785 3125 ollensus.
829 3063 930 3126 Bonus
959 3070 1005 3127 est
1036 3064 1114 3126 enim
1144 3065 1190 3128 vir
1210 3064 1262 3146 qui

167 3175 254 3238 diruit:
276 3174 304 3259 ¹)
336 3177 371 3237 st
400 3177 529 3238 reddidi
559 3176 800 3239 retribuentibus
830 3177 904 3238 mttt
936 3178 1028 3240 mola.
1073 3176 1157 3252 Quae
1184 3178 1277 3240 enim·

167 3296 215 3370 pst
235 3289 350 3374 gloria,
374 3291 400 3353 si
423 3311 490 3354 eum
512 3309 574 3354 non
595 3290 754 3370 laedimus,
778 3292 829 3371 qui
850 3308 907 3353 nos
928 3309 990 3354 non
1011 3291 1156 3355 laeserit?
1200 3289 1260 3356 Sed

147 3404 215 3468 illa
236 3405 330 3467 virtus
353 3412 416 3484 est,
439 3407 465 3467 si
486 3405 585 3468 laesus
608 3405 749 3466 remittas.

119 3500 192 3635 [²
258 3515 310 3581 60
356 3517 448 3591 Quam
472 3517 647 3596 honestum,
663 3512 695 3600 ²)
727 3516 821 3596 quod,
852 3534 918 3578 cum
947 3516 1091 3596 potuisset
1112 3514 1178 3597 regi
1200 3513 1259 3577 ini-

117 3628 243 3715 rraieo
270 3649 403 3710 nocere,
433 3631 534 3693 maluit
561 3629 701 3712 parcere!
747 3629 840 3704 Quam
864 3630 952 3691 etiam
974 3628 1063 3708 utile,
1093 3629 1162 3709 quia
1184 3645 1258 3691 suc-

200 3877 307 3938 rvare,
333 3877 391 3921 nec
414 3876 558 3940 usurpare
584 3859 756 3940 imperium,
787 3856 842 3920 sed
864 3856 977 3919 vereril
1022 3855 1124 3936 ltaque
1147 3862 1177 3917 et
1198 3854 1258 3918 ho

103 4005 109 4033 ,ι
162 3978 265 4035 nestas
288 3973 402 4035 utilitati
424 3972 556 4053 praelata
579 3978 625 4035 est
647 3976 677 4033 et
697 3972 804 4034 utilitas
827 3977 929 4034 secula
950 3970 1137 4034 honestatem
1161 3973 1224 4052 estx

237 4136 265 4203 l)
284 4135 373 4189 Psalm.
394 4136 419 4200 t,
438 4136 463 4188 5.
535 4135 563 4199 2)
586 4135 608 4189 1.
627 4137 690 4204 Reg.
710 4135 754 4202 at,
773 4138 788 4187 b
807 4152 879 4205 seqq.

117 3721 282 3983 ssssori
304 3744 363 3808 hcc
392 3743 518 3825 proluit,
551 3751 583 3807 ut
614 3744 765 3806 discerent
793 3760 896 3806 omnes
925 3741 1012 3804 iidem
1040 3743 1107 3825 regi
1136 3743 1258 3824 propriu

978 4205 1051 4271 13*
