2692 4666
154 314 197 383 18
665 319 742 372 VITA

149 474 238 554 screa
269 472 420 556 effodiunt
442 484 472 540 ct
490 475 658 555 furentur,
679 475 709 562 Ι)
740 481 810 562 quia
840 487 943 544 custos
974 501 1079 546 eorum
1112 482 1247 548 Christus

151 597 247 656 estet
267 590 352 655 locus
375 609 477 655 eorum
502 590 566 655 aula
590 592 745 673 caelestis,
768 594 874 676 quihus
896 597 1001 660 cicere
1020 596 1163 660 Christus
1185 597 1250 676 fcit

151 717 182 771 ct
202 709 281 771 mori
302 708 428 770 lucrum.
443 703 475 790 Ἰ)
513 707 668 770 Translata
692 708 790 789 itaque
811 727 941 791 corpore
957 713 1094 794 martyris
1109 711 1146 773 ad
1163 712 1248 774 hasi-

150 823 236 886 hcam
252 821 472 904 apostolorum,
494 821 544 882 uhi
559 819 674 901 pridem
689 825 862 884 sanctorum
878 824 1080 904 apostolorum
1102 824 1248 904 reliquiae

150 956 262 1001 summa
294 937 423 1000 omnium
457 933 618 997 devotione
652 935 808 1016 depositae
842 935 978 1017 lucrant,
1012 957 1077 1000 curn
1109 943 1248 1001 tractaret

151 1053 329 1135 episcopua,
363 1048 480 1130 quidam
504 1049 541 1112 de
566 1051 679 1131 populo
709 1051 842 1132 repletus
874 1053 978 1135 spiritu
1008 1053 1148 1116 inmundo
1181 1054 1246 1116 cla·

149 1187 231 1231 mare
255 1167 354 1248 coepit
376 1183 411 1228 se
433 1164 566 1246 torqueri
590 1165 626 1226 ah
649 1163 819 1228 Ambrosio.
865 1166 904 1229 nt
934 1167 984 1228 ille
1014 1184 1179 1230 conversus
1209 1167 1246 1230 ad

151 1301 219 1347 eum
242 1283 297 1344 ait:
330 1278 527 1357 obmutesce,
559 1277 700 1356 diabole,
734 1281 810 1360 pulc
832 1300 894 1344 non
917 1290 945 1344 te
968 1290 1091 1363 torquet
1112 1281 1244 1346 Ambro-

147 1398 231 1475 sius,
266 1397 323 1460 sed
354 1396 433 1477 fides
463 1401 644 1457 sanctorum
674 1403 704 1456 et
733 1394 855 1458 incidie
885 1404 958 1473 tau,
992 1398 1139 1478 quonlam
1169 1398 1246 1459 illuc

147 1506 427 1593 oideiippcendere
448 1509 604 1586 homines,
628 1510 712 1571 unde
736 1517 768 1570 tu
792 1510 930 1574 deiectus
949 1530 1001 1584 cs,·
1024 1530 1097 1573 num
1110 1510 1245 1574 Ambro-

150 1627 218 1689 sius
255 1600 355 1687 nescit
376 1623 492 1703 inflari.
538 1625 604 1698 Quo
628 1601 706 1688 dicto
730 1624 794 1704 ille,
827 1626 878 1706 qni
905 1626 1066 1705 clamabat,
1101 1627 1246 1690 obmutuit

148 1744 376 1820 prostratusque
398 1737 496 1800 estin
519 1742 643 1816 terram,
668 1755 724 1800 nec
747 1736 871 1818 amplius
895 1757 1017 1820 vocem,
1041 1759 1099 1821 qua
1122 1742 1245 1804 obstre-

148 1869 222 1933 pere
244 1855 365 1933 posset,
388 1849 491 1911 emisit.

206 1962 208 1968 '
234 1963 284 2029 34.
328 1965 386 2027 Per
407 1964 484 2027 idem
506 1969 622 2045 tempus
649 1983 716 2026 cnm
745 1967 917 2030 consulatus
939 1969 986 2030 sui
1010 1968 1058 2031 die
1080 1969 1244 2051 imperator

146 2081 297 2144 Honorius
315 2079 345 2141 in
364 2078 439 2141 urhe
454 2077 720 2141 Mediolanensium
736 2080 913 2162 Lyhicurum
936 2080 1066 2146 ferarum
1087 2084 1245 2146 exhiheret

147 2212 271 2274 munus,
293 2192 404 2275 populo
427 2192 496 2255 illuc
519 2201 719 2257 concurrente
734 2194 802 2257 data
817 2197 903 2277 copia
920 2203 965 2259 est
980 2197 1078 2261 missis
1102 2198 1243 2261 militibus

146 2316 216 2372 tunc
238 2309 273 2370 ah
298 2305 439 2372 Stilicoue
470 2307 577 2369 comite
610 2307 728 2370 hortatu
750 2307 871 2371 Eusehii
904 2310 1067 2393 praelecti,
1100 2320 1133 2375 ut
1164 2311 1242 2374 Cre-

147 2423 270 2487 sconius
288 2421 411 2522 puidam
427 2420 465 2482 de
482 2421 609 2484 ecclesia
632 2426 796 2502 raperetur.
842 2423 935 2496 Quem
960 2425 1182 2508 confugientem
1205 2424 1242 2488 ad

146 2537 238 2603 altare
260 2535 370 2599 domini
392 2543 512 2599 sanctus
535 2535 694 2616 episcopus
722 2553 788 2598 cum
811 2535 946 2616 clericis,
981 2540 1084 2621 quiin
1107 2548 1242 2620 tempore

147 2651 286 2730 aderent,
320 2646 540 2714 defendendum
572 2646 773 2710 circumdedit.
827 2646 885 2713 Sed
921 2650 1073 2715 multitudo
1109 2652 1241 2732 militum,

147 2785 224 2849 quae
255 2765 348 2828 duces
378 2763 454 2826 duos
484 2762 612 2825 habehat
639 2760 677 2825 de
705 2761 827 2842 perfidia
849 2761 1046 2845 Ariauorum,
1077 2767 1243 2848 praevaluit

146 2880 291 2943 adversus
313 2894 426 2959 paucos
450 2885 538 2959 atque
559 2876 656 2938 ablato
675 2875 839 2939 cresconio
863 2878 1046 2943 exsultantes
1070 2881 1107 2943 ad
1122 2881 1241 2964 amphi-

146 2994 292 3058 theatrum
321 2997 526 3071 reverterunt‚
560 2989 706 3052 ecclesiae
733 2991 842 3053 luctum
875 3009 935 3055 non
967 2993 1114 3057 modicum
1143 2996 1241 3058 relin-

146 3113 290 3191 quentes;
323 3125 391 3169 nam
422 3103 565 3169 sacerdos
593 3109 759 3184 prostratus
783 3112 852 3168 ante
874 3106 968 3169 altare
991 3107 1101 3171 domini
1131 3110 1240 3174 factum

146 3222 196 3287 diu
218 3222 308 3285 flevit.
354 3219 414 3285 Sed
436 3219 466 3281 in
489 3224 624 3299 tempore
649 3236 715 3279 cum
745 3220 943 3282 revertissent
966 3227 996 3282 et
1017 3223 1241 3287 renuntiassent

144 3337 199 3416 iis,
229 3333 374 3415 aquibus
404 3330 522 3394 lucrant
553 3329 690 3392 destinati
719 3331 843 3412 milites,
875 3333 986 3397 dimissi
1007 3336 1141 3419 leopardi
1164 3339 1240 3401 saltu

144 3450 237 3514 celeri
263 3448 301 3512 ad
332 3444 459 3510 eundern
490 3445 606 3525 locum,
634 3445 663 3506 in
697 3465 756 3526 quo
788 3446 929 3510 sederant
961 3451 1010 3530 qui
1040 3450 1079 3514 de
1110 3453 1240 3516 ecclesia

145 3562 377 3643 triumphabant,
399 3558 596 3623 ascendentes
619 3561 752 3642 graviter
771 3561 896 3625 laniatos
918 3564 1112 3644 reliquerunt.
1151 3567 1239 3641 Quod

143 3679 193 3740 uhi
216 3676 287 3740 vidit
309 3682 378 3738 tunc
394 3674 494 3739 Stilico
517 3691 637 3754 comes,
661 3675 843 3755 paenitentia
866 3683 963 3739 motus
987 3686 1050 3759 est,
1073 3681 1112 3741 ita
1135 3688 1167 3743 ut
1183 3700 1239 3762 per

144 3792 251 3856 multos
284 3791 348 3855 dies
377 3789 563 3853 satisfaceret
592 3789 742 3853 sacerdoti
768 3797 798 3852 et
823 3791 968 3855 inlaesum
1000 3793 1118 3874 quidem
1147 3795 1238 3876 illum,

144 3907 194 3987 qui
216 3906 330 3971 ablatus
353 3904 466 3984 luerat,
489 3904 596 3968 dimisit
603 3926 614 3981 ;
647 3906 701 3969 scd
724 3906 793 3987 quia
813 3906 1059 3989 gravissimorum
1084 3909 1239 3974 criminum

214 4146 243 4220 l)
261 4148 348 4205 hlutth.
368 4149 395 4218 d,
415 4149 455 4205 19.
526 4148 556 4218 2)
575 4148 683 4221 Philipp.
704 4150 729 4220 l,
747 4150 789 4207 21.
