2692 4666
186 347 230 412 44
637 340 834 398 s.anaaosn

274 501 325 567 37.
369 505 505 586 Denique
536 503 607 566 dicit
637 503 678 566 illi
708 503 899 567 adulescens:
921 501 949 587 ¹)
982 504 1093 568 Omnia
1122 507 1199 569 doec
1221 525 1277 568 co-

188 619 304 681 stodici
326 640 347 682 a
370 621 526 683 iuventute
559 639 644 695 meo,
684 619 760 699 qaid
782 620 882 682 attae
903 620 976 682 mitt
998 620 1111 683 deest?
1155 619 1210 682 Ait
1231 621 1278 682 atta·

187 729 291 794 Iesos:
322 732 358 794 St
380 734 429 794 oie
448 731 609 813 perfectos
632 751 718 809 esec,
748 734 847 809 eade,
872 734 971 795 cende
994 735 1099 796 omnio
1121 735 1203 796 bono
1226 742 1279 797 too

189 853 218 910 et
247 847 288 909 do
313 848 509 925 paoperibus
538 857 567 910 et
595 847 722 910 habebis
746 849 924 910 thesaurum
947 848 981 909 in
1006 849 1111 925 coeto,
1146 856 1175 911 et
1195 848 1277 927 oeni,

187 978 315 1042 sequere
338 981 392 1023 me.
436 961 472 1023 Et
494 979 584 1044 supra
600 958 632 1042 ²)
655 960 747 1024 habes
770 961 926 1042 scriptum,
957 963 1007 1024 ubi
1029 959 1196 1044 diligendos
1219 961 1279 1024 ini-

188 1074 281 1138 micos
304 1082 334 1138 et
356 1075 499 1138 orandum
526 1075 594 1138 dicit
623 1092 678 1155 pro
709 1073 951 1137 calumniantibus
975 1081 1005 1138 et
1029 1072 1279 1154 persequentibus

189 1204 244 1250 nos
278 1193 308 1249 et
342 1185 521 1250 benedicere
554 1185 774 1250 maledicentes.
818 1185 882 1248 Hoc
912 1202 968 1249 nos
1002 1186 1103 1250 iacere
1126 1185 1279 1267 debemus,

191 1303 217 1365 si
248 1301 383 1365 volumus
412 1300 538 1382 perfecti
569 1318 656 1380 esse,
686 1301 762 1363 sicut
790 1307 876 1380 pater
904 1308 1026 1380 noster,
1056 1301 1106 1381 qui
1134 1300 1164 1361 in
1194 1299 1279 1362 caelo

191 1423 255 1496 est,
289 1417 339 1496 qui
362 1433 453 1497 super
474 1417 572 1479 bonos
595 1423 625 1478 et
648 1416 740 1478 maios
764 1414 859 1478 solem
889 1414 969 1477 iubet
991 1414 1092 1477 radios
1114 1430 1186 1477 suos
1209 1413 1281 1476 iun-

190 1529 278 1610 dere,
310 1536 340 1592 et
364 1530 463 1611 pluvia
489 1537 518 1593 et
542 1549 614 1594 rore
642 1537 737 1593 terras
765 1531 970 1593 universorum
993 1531 1057 1593 sine
1079 1529 1138 1593 ulla
1161 1528 1281 1592 discre-

189 1643 270 1705 tione
292 1643 500 1726 pinguescere.
545 1645 609 1707 Hoc
636 1650 682 1706 est
705 1643 795 1726 igitur
824 1641 989 1725 perfectum
1021 1642 1164 1723 officium,
1200 1643 1281 1723 quod

189 1744 384 1842 κατόρθωμα
415 1755 553 1821 dixerunt
583 1757 708 1838 Graeci,
744 1776 804 1838 qno
835 1759 1026 1840 corriguntur
1056 1759 1170 1838 omnia,
1205 1775 1282 1840 quae

191 1873 304 1953 aliquos
327 1879 487 1953 potuerunt
508 1873 609 1955 lapsus
631 1873 751 1936 habere.

278 1984 328 2050 38.
365 1987 446 2050 Bona
463 1988 550 2050 etiarn
566 1988 780 2068 misericordia,
803 2007 879 2068 quae
900 1994 930 2049 et
949 1989 1011 2069 ipsa
1030 1985 1181 2068 perfectos
1203 1985 1282 2066 facit,

192 2101 261 2183 quia
291 2102 417 2164 imitatur
439 2101 603 2183 perfectum
632 2110 754 2184 patrem.
799 2103 876 2165 Nihil
901 2109 959 2165 tam
983 2099 1168 2165 commendat
1193 2098 1282 2162 ctri-

190 2216 312 2279 stianam
336 2217 477 2296 animam,
500 2235 586 2298 quarn
609 2216 830 2293 miscricordia;
861 2218 986 2298 primum
1008 2217 1038 2278 in
1060 2232 1225 2297 pauperes,
1249 2221 1281 2278 ut

191 2349 362 2395 communes
395 2332 507 2395 iudices
540 2339 641 2414 partus
673 2338 814 2411 naturae,
849 2349 926 2411 quae
958 2331 1093 2393 omnibus
1126 2329 1165 2391 ad
1194 2346 1280 2392 usum

191 2454 317 2528 generat
349 2446 461 2510 fructus
491 2453 651 2525 terrarum,
687 2454 720 2510 ut
754 2445 833 2527 quod
867 2445 959 2508 hahes
988 2444 1125 2529 largiaris
1154 2444 1279 2526 pauperi

192 2567 221 2622 et
244 2569 413 2625 consortem
438 2569 468 2624 et
491 2559 676 2624 conformem
699 2567 779 2623 tuum
802 2560 934 2622 adiuves.
980 2560 1025 2621 Tu
1046 2577 1195 2621 nummum
1217 2559 1279 2621 lar-

190 2677 279 2759 giris,
310 2677 359 2739 illc
384 2677 469 2738 vitam
502 2677 624 2757 accipit;
659 2683 690 2739 tn
719 2676 873 2758 pecuniam
904 2675 975 2753 das,
1009 2675 1059 2737 ille
1088 2675 1280 2748 substantiam

191 2810 275 2854 suam
298 2792 438 2853 aestimat.
484 2791 564 2853 Tuus
589 2791 729 2853 denarius
753 2807 862 2852 census
887 2788 962 2852 itlius
986 2779 1039 2852 est.

280 2901 329 2968 39.
374 2905 421 2966 Ad
443 2904 519 2967 haec
542 2905 607 2987 plus
630 2905 680 2967 ille
702 2905 753 2966 tihi
778 2902 909 2983 confert,
940 2921 1006 2965 curn
1027 2903 1066 2965 sit
1087 2901 1204 2964 debitor
1227 2918 1279 2963 sa-

191 3019 269 3082 lutis
315 3019 346 3084 si
379 3020 489 3081 nudum
517 3021 644 3098 vestias,
677 3025 706 3081 te
737 3019 830 3101 ipsum
859 3017 954 3079 induis
985 3017 1109 3092 iustitia3
1139 3016 1165 3078 si
1187 3033 1282 3096 pere-

192 3135 309 3218 grinum
331 3135 386 3197 sub
410 3139 517 3197 tectum
540 3134 661 3197 inducas
693 3141 791 3212 tuum,
821 3133 847 3195 si
878 3132 1021 3213 suscipias
1044 3136 1199 3213 egentem,
1232 3130 1282 3193 ille

192 3251 244 3313 tibi
266 3249 393 3332 adquirit
414 3256 584 3312 sanctorum
609 3250 804 3327 amicitiasct
826 3254 948 3311 aeterna
970 3245 1168 3309 tabernacula.
1192 3237 1196 3244 ’
1214 3244 1282 3308 Non

193 3365 351 3428 mediocris
374 3365 429 3426 ista
452 3362 556 3446 gratia.
602 3360 773 3442 corporalia
796 3361 925 3422 seminas
948 3365 978 3420 et
1000 3357 1109 3438 recipis
1131 3355 1282 3437 spiritalia.

194 3479 310 3542 Miraris
332 3478 469 3540 iudicium
493 3476 601 3538 domini
621 3475 660 3538 de
677 3480 779 3537 sancto
802 3473 878 3536 lob?
923 3473 1031 3536 Miraro
1052 3470 1191 3534 virtutem
1207 3468 1283 3549 eius,

195 3596 244 3674 qui
266 3598 383 3674 poterat
398 3593 513 3655 dicero:
531 3589 563 3674 ³)
587 3591 703 3653 Oculos
719 3609 805 3666 erum
820 3609 990 3666 coecorum,
1012 3606 1067 3668 pes
1091 3584 1281 3649 utendorum.

194 3706 261 3789 Epo
291 3725 376 3768 eram
406 3706 593 3784 infirmorum
620 3712 730 3782 poter,
763 3703 930 3765 velleribus
967 3720 1116 3781 apportem
1150 3717 1284 3761 meorum

195 3819 341 3897 calefacti
373 3826 446 3881 sont
478 3820 595 3882 humeri
626 3837 740 3880 eorum.
784 3817 875 3880 Foris
905 3835 969 3879 non
1000 3813 1162 3878 habitabat
1189 3833 1282 3894 pere-

195 3935 320 4016 prinos;
353 3934 464 3996 ostium
487 3941 587 3996 cotem
608 3952 706 3994 meum
729 3934 812 3995 omni
835 3932 971 3995 venienti
995 3929 1131 4010 potebat.
1176 3929 1282 3993 Beatus

267 4172 294 4240 t)
312 4173 396 4230 March.
415 4173 525 4231 20-21.
596 4174 624 4244 2)
642 4172 705 4228 Ihid.
725 4173 751 4244 5,
768 4173 803 4230 44
820 4189 873 4251 seq.
945 4169 974 4243 3)
993 4169 1048 4228 lob.
1067 4172 1109 4241 29,
1130 4171 1162 4224 15
1180 4188 1235 4243 seq.
