<?xml version="1.0" encoding="UTF-8"?>
<!DOCTYPE html PUBLIC "-//W3C//DTD XHTML 1.0 Transitional//EN"
    "http://www.w3.org/TR/xhtml1/DTD/xhtml1-transitional.dtd">
<html xmlns="http://www.w3.org/1999/xhtml" xml:lang="en" lang="en">
 <head>
  <title>
</title>
<meta http-equiv="Content-Type" content="text/html;charset=utf-8" />
  <meta name='ocr-system' content='tesseract 3.04.00' />
  <meta name='ocr-capabilities' content='ocr_page ocr_carea ocr_par ocr_line ocrx_word'/>
</head>
<body>
  <div class='ocr_page' id='page_1' title='image "./deofficiisminis00krabgoog_0136.png"; bbox 0 0 2692 4666; ppageno 0'>
   <div class='ocr_carea' id='block_1_1' title="bbox 330 327 1178 401">
    <p class='ocr_par' dir='ltr' id='par_1_1' title="bbox 330 327 1178 401">
     <span class='ocr_line' id='line_1_1' title="bbox 330 327 1178 401; baseline 0.013 -21"><span class='ocrx_word' id='word_1_1' title='bbox 330 327 376 380; x_wconf 84' lang='lat' dir='ltr'>DE</span> <span class='ocrx_word' id='word_1_2' title='bbox 396 327 531 382; x_wconf 69' lang='lat' dir='ltr'>ostiens</span> <span class='ocrx_word' id='word_1_3' title='bbox 549 328 772 384; x_wconf 77' lang='lat' dir='ltr'>ntntsuttotttttt</span> <span class='ocrx_word' id='word_1_4' title='bbox 790 331 887 384; x_wconf 82' lang='lat' dir='ltr'><strong>LIBER</strong></span> <span class='ocrx_word' id='word_1_5' title='bbox 905 332 924 386; x_wconf 91' lang='lat' dir='ltr'>l.</span> <span class='ocrx_word' id='word_1_6' title='bbox 1115 337 1178 401; x_wconf 81' lang='lat'>119</span> 
     </span>
    </p>
   </div>
   <div class='ocr_carea' id='block_1_2' title="bbox 75 487 1272 3988">
    <p class='ocr_par' dir='ltr' id='par_1_2' title="bbox 77 487 1178 682">
     <span class='ocr_line' id='line_1_2' title="bbox 77 487 1178 577; baseline 0.009 -28"><span class='ocrx_word' id='word_1_7' title='bbox 77 487 206 550; x_wconf 77' lang='lat' dir='ltr'><strong>hostiam</strong></span> <span class='ocrx_word' id='word_1_8' title='bbox 229 504 327 568; x_wconf 90' lang='lat' dir='ltr'>suam,</span> <span class='ocrx_word' id='word_1_9' title='bbox 360 497 392 551; x_wconf 92' lang='lat' dir='ltr'>tu</span> <span class='ocrx_word' id='word_1_10' title='bbox 414 489 524 554; x_wconf 91' lang='lat' dir='ltr'>inlotus</span> <span class='ocrx_word' id='word_1_11' title='bbox 547 498 646 553; x_wconf 87' lang='lat' dir='ltr'>mente</span> <span class='ocrx_word' id='word_1_12' title='bbox 669 492 780 573; x_wconf 89' lang='lat' dir='ltr'>pariter</span> <span class='ocrx_word' id='word_1_13' title='bbox 803 500 833 555; x_wconf 89' lang='lat' dir='ltr'>et</span> <span class='ocrx_word' id='word_1_14' title='bbox 856 511 985 575; x_wconf 90' lang='lat' dir='ltr'>corpore</span> <span class='ocrx_word' id='word_1_15' title='bbox 1008 494 1100 558; x_wconf 88' lang='lat' dir='ltr'>audes</span> <span class='ocrx_word' id='word_1_16' title='bbox 1122 514 1178 577; x_wconf 91' lang='lat' dir='ltr'>pro</span> 
     </span>
     <span class='ocr_line' id='line_1_3' title="bbox 79 599 771 682; baseline 0.009 -22"><span class='ocrx_word' id='word_1_17' title='bbox 79 599 144 662; x_wconf 88' lang='lat' dir='ltr'>aliis</span> <span class='ocrx_word' id='word_1_18' title='bbox 168 601 346 682; x_wconf 88' lang='lat' dir='ltr'>supplicare,</span> <span class='ocrx_word' id='word_1_19' title='bbox 371 600 464 665; x_wconf 88' lang='lat' dir='ltr'>audes</span> <span class='ocrx_word' id='word_1_20' title='bbox 488 603 553 665; x_wconf 89' lang='lat' dir='ltr'>aliis</span> <span class='ocrx_word' id='word_1_21' title='bbox 574 603 771 667; x_wconf 80' lang='lat' dir='ltr'>ministrare?</span> 
     </span>
    </p>

    <p class='ocr_par' dir='ltr' id='par_1_3' title="bbox 75 709 1180 2617">
     <span class='ocr_line' id='line_1_4' title="bbox 167 709 1180 802; baseline 0.01 -28"><span class='ocrx_word' id='word_1_22' title='bbox 167 709 241 776; x_wconf 84' lang='lat'>250.</span> <span class='ocrx_word' id='word_1_23' title='bbox 285 714 353 777; x_wconf 92' lang='lat' dir='ltr'>Non</span> <span class='ocrx_word' id='word_1_24' title='bbox 375 715 528 779; x_wconf 79' lang='lat' dir='ltr'>mediocre</span> <span class='ocrx_word' id='word_1_25' title='bbox 551 717 681 780; x_wconf 84' lang='lat' dir='ltr'>officium</span> <span class='ocrx_word' id='word_1_26' title='bbox 712 719 885 800; x_wconf 90' lang='lat' dir='ltr'>levitarum,</span> <span class='ocrx_word' id='word_1_27' title='bbox 918 722 956 784; x_wconf 89' lang='lat' dir='ltr'>de</span> <span class='ocrx_word' id='word_1_28' title='bbox 979 723 1086 802; x_wconf 90' lang='lat' dir='ltr'>quibus</span> <span class='ocrx_word' id='word_1_29' title='bbox 1110 722 1180 784; x_wconf 90' lang='lat' dir='ltr'>dicit</span> 
     </span>
     <span class='ocr_line' id='line_1_5' title="bbox 80 825 1180 917; baseline 0.009 -29"><span class='ocrx_word' id='word_1_30' title='bbox 80 826 232 889; x_wconf 88' lang='lat' dir='ltr'>dominus:</span> <span class='ocrx_word' id='word_1_31' title='bbox 252 825 283 912; x_wconf 87' lang='lat'>¹)</span> <span class='ocrx_word' id='word_1_32' title='bbox 310 829 393 891; x_wconf 86' lang='lat' dir='ltr'>Ecce</span> <span class='ocrx_word' id='word_1_33' title='bbox 414 851 471 911; x_wconf 76' lang='lat' dir='ltr'>epo</span> <span class='ocrx_word' id='word_1_34' title='bbox 495 832 575 911; x_wconf 81' lang='lat' dir='ltr'>elipe</span> <span class='ocrx_word' id='word_1_35' title='bbox 601 833 713 894; x_wconf 86' lang='lat' dir='ltr'>leuitas</span> <span class='ocrx_word' id='word_1_36' title='bbox 736 834 775 894; x_wconf 86' lang='lat' dir='ltr'>de</span> <span class='ocrx_word' id='word_1_37' title='bbox 795 835 897 897; x_wconf 85' lang='lat' dir='ltr'>medio</span> <span class='ocrx_word' id='word_1_38' title='bbox 917 837 1055 917; x_wconf 78' lang='lat' dir='ltr'>fitiorum</span> <span class='ocrx_word' id='word_1_39' title='bbox 1077 836 1180 898; x_wconf 89' lang='lat' dir='ltr'>lsrael</span> 
     </span>
     <span class='ocr_line' id='line_1_6' title="bbox 75 941 1177 1026; baseline 0.005 -22"><span class='ocrx_word' id='word_1_40' title='bbox 75 960 137 1022; x_wconf 85' lang='lat' dir='ltr'>pro</span> <span class='ocrx_word' id='word_1_41' title='bbox 167 941 250 1004; x_wconf 78' lang='lat' dir='ltr'>enini</span> <span class='ocrx_word' id='word_1_42' title='bbox 276 943 484 1024; x_wconf 76' lang='lat' dir='ltr'>priuiapenito</span> <span class='ocrx_word' id='word_1_43' title='bbox 517 944 677 1021; x_wconf 83' lang='lat' dir='ltr'>aperiente</span> <span class='ocrx_word' id='word_1_44' title='bbox 709 945 832 1006; x_wconf 83' lang='lat' dir='ltr'>uuluam</span> <span class='ocrx_word' id='word_1_45' title='bbox 862 947 939 1026; x_wconf 78' lang='lat' dir='ltr'>filiis</span> <span class='ocrx_word' id='word_1_46' title='bbox 970 947 1091 1019; x_wconf 78' lang='lat' dir='ltr'>lsrael3</span> <span class='ocrx_word' id='word_1_47' title='bbox 1125 958 1177 1010; x_wconf 87' lang='lat' dir='ltr'>re-</span> 
     </span>
     <span class='ocr_line' id='line_1_7' title="bbox 79 1056 1180 1134; baseline 0.006 -18"><span class='ocrx_word' id='word_1_48' title='bbox 79 1056 273 1134; x_wconf 77' lang='lat' dir='ltr'><em>demptiones</em></span> <span class='ocrx_word' id='word_1_49' title='bbox 302 1075 405 1118; x_wconf 80' lang='lat' dir='ltr'>cerunt</span> <span class='ocrx_word' id='word_1_50' title='bbox 437 1065 528 1119; x_wconf 86' lang='lat' dir='ltr'>erunt</span> <span class='ocrx_word' id='word_1_51' title='bbox 556 1058 627 1134; x_wconf 92' lang='lat' dir='ltr'>isti,</span> <span class='ocrx_word' id='word_1_52' title='bbox 662 1065 691 1117; x_wconf 91' lang='lat' dir='ltr'>et</span> <span class='ocrx_word' id='word_1_53' title='bbox 719 1067 808 1120; x_wconf 88' lang='lat' dir='ltr'>erunt</span> <span class='ocrx_word' id='word_1_54' title='bbox 833 1060 909 1120; x_wconf 80' lang='lat' dir='ltr'>milii</span> <span class='ocrx_word' id='word_1_55' title='bbox 937 1062 1056 1123; x_wconf 82' lang='lat' dir='ltr'>leuitas.</span> <span class='ocrx_word' id='word_1_56' title='bbox 1103 1061 1180 1123; x_wconf 77' lang='lat' dir='ltr'>Mili</span> 
     </span>
     <span class='ocr_line' id='line_1_8' title="bbox 79 1170 1177 1257; baseline 0.006 -26"><span class='ocrx_word' id='word_1_57' title='bbox 79 1170 160 1231; x_wconf 86' lang='lat' dir='ltr'>eninr</span> <span class='ocrx_word' id='word_1_58' title='bbox 189 1170 389 1249; x_wconf 75' lang='lat' dir='ltr'>sanctificavi</span> <span class='ocrx_word' id='word_1_59' title='bbox 416 1171 655 1251; x_wconf 85' lang='lat' dir='ltr'>primopenitum</span> <span class='ocrx_word' id='word_1_60' title='bbox 686 1173 720 1233; x_wconf 91' lang='lat' dir='ltr'>iu</span> <span class='ocrx_word' id='word_1_61' title='bbox 754 1181 839 1234; x_wconf 88' lang='lat' dir='ltr'>terra</span> <span class='ocrx_word' id='word_1_62' title='bbox 864 1173 1004 1256; x_wconf 79' lang='lat' dir='ltr'>Aepppti.</span> <span class='ocrx_word' id='word_1_63' title='bbox 1052 1175 1177 1257; x_wconf 85' lang='lat' dir='ltr'>Cogno-</span> 
     </span>
     <span class='ocr_line' id='line_1_9' title="bbox 79 1285 1178 1367; baseline 0.005 -20"><span class='ocrx_word' id='word_1_64' title='bbox 79 1285 175 1347; x_wconf 86' lang='lat' dir='ltr'>vimus</span> <span class='ocrx_word' id='word_1_65' title='bbox 198 1285 266 1364; x_wconf 86' lang='lat' dir='ltr'>quia</span> <span class='ocrx_word' id='word_1_66' title='bbox 289 1302 350 1347; x_wconf 90' lang='lat' dir='ltr'>non</span> <span class='ocrx_word' id='word_1_67' title='bbox 372 1285 449 1347; x_wconf 91' lang='lat' dir='ltr'>inter</span> <span class='ocrx_word' id='word_1_68' title='bbox 473 1292 592 1348; x_wconf 89' lang='lat' dir='ltr'>ceteros</span> <span class='ocrx_word' id='word_1_69' title='bbox 615 1286 724 1348; x_wconf 83' lang='lat' dir='ltr'>levitae</span> <span class='ocrx_word' id='word_1_70' title='bbox 743 1292 948 1367; x_wconf 88' lang='lat' dir='ltr'>conputantur,</span> <span class='ocrx_word' id='word_1_71' title='bbox 972 1288 1026 1350; x_wconf 88' lang='lat' dir='ltr'>sed</span> <span class='ocrx_word' id='word_1_72' title='bbox 1043 1290 1178 1352; x_wconf 87' lang='lat' dir='ltr'>omnibus</span> 
     </span>
     <span class='ocr_line' id='line_1_10' title="bbox 79 1397 1178 1482; baseline 0.005 -22"><span class='ocrx_word' id='word_1_73' title='bbox 79 1397 305 1481; x_wconf 84' lang='lat' dir='ltr'>praeferuntur,</span> <span class='ocrx_word' id='word_1_74' title='bbox 338 1402 387 1481; x_wconf 89' lang='lat' dir='ltr'>qui</span> <span class='ocrx_word' id='word_1_75' title='bbox 418 1401 567 1482; x_wconf 83' lang='lat' dir='ltr'>eliguntur</span> <span class='ocrx_word' id='word_1_76' title='bbox 599 1419 638 1462; x_wconf 88' lang='lat' dir='ltr'>ex</span> <span class='ocrx_word' id='word_1_77' title='bbox 668 1402 803 1463; x_wconf 91' lang='lat' dir='ltr'>omnibus</span> <span class='ocrx_word' id='word_1_78' title='bbox 827 1409 856 1463; x_wconf 87' lang='lat' dir='ltr'>et</span> <span class='ocrx_word' id='word_1_79' title='bbox 879 1402 1115 1480; x_wconf 86' lang='lat' dir='ltr'>sanctificantur,</span> <span class='ocrx_word' id='word_1_80' title='bbox 1146 1410 1178 1465; x_wconf 93' lang='lat' dir='ltr'>ut</span> 
     </span>
     <span class='ocr_line' id='line_1_11' title="bbox 78 1512 1177 1596; baseline 0.002 -22"><span class='ocrx_word' id='word_1_81' title='bbox 78 1513 277 1594; x_wconf 83' lang='lat' dir='ltr'>primogenita</span> <span class='ocrx_word' id='word_1_82' title='bbox 300 1512 446 1577; x_wconf 87' lang='lat' dir='ltr'>fructuum</span> <span class='ocrx_word' id='word_1_83' title='bbox 470 1521 558 1594; x_wconf 90' lang='lat' dir='ltr'>atque</span> <span class='ocrx_word' id='word_1_84' title='bbox 580 1516 735 1596; x_wconf 88' lang='lat' dir='ltr'>primitiae,</span> <span class='ocrx_word' id='word_1_85' title='bbox 761 1532 837 1595; x_wconf 90' lang='lat' dir='ltr'>quae</span> <span class='ocrx_word' id='word_1_86' title='bbox 855 1515 975 1577; x_wconf 92' lang='lat' dir='ltr'>domino</span> <span class='ocrx_word' id='word_1_87' title='bbox 992 1515 1177 1596; x_wconf 89' lang='lat' dir='ltr'>deputantur,</span> 
     </span>
     <span class='ocr_line' id='line_1_12' title="bbox 79 1628 1177 1709; baseline 0.002 -20"><span class='ocrx_word' id='word_1_88' title='bbox 79 1629 109 1689; x_wconf 94' lang='lat' dir='ltr'>in</span> <span class='ocrx_word' id='word_1_89' title='bbox 134 1628 239 1707; x_wconf 89' lang='lat' dir='ltr'>quibus</span> <span class='ocrx_word' id='word_1_90' title='bbox 264 1634 309 1689; x_wconf 89' lang='lat' dir='ltr'>est</span> <span class='ocrx_word' id='word_1_91' title='bbox 332 1635 469 1690; x_wconf 91' lang='lat' dir='ltr'>votorum</span> <span class='ocrx_word' id='word_1_92' title='bbox 494 1629 602 1690; x_wconf 86' lang='lat' dir='ltr'>solutio</span> <span class='ocrx_word' id='word_1_93' title='bbox 626 1634 656 1689; x_wconf 91' lang='lat' dir='ltr'>et</span> <span class='ocrx_word' id='word_1_94' title='bbox 678 1628 843 1709; x_wconf 77' lang='lat' dir='ltr'>redemptio</span> <span class='ocrx_word' id='word_1_95' title='bbox 868 1635 1066 1709; x_wconf 87' lang='lat' dir='ltr'>peccatorum.</span> <span class='ocrx_word' id='word_1_96' title='bbox 1106 1629 1177 1691; x_wconf 91' lang='lat' dir='ltr'>Non</span> 
     </span>
     <span class='ocr_line' id='line_1_13' title="bbox 79 1737 1177 1822; baseline 0 -19"><span class='ocrx_word' id='word_1_97' title='bbox 79 1739 235 1820; x_wconf 75' lang='lat' dir='ltr'>accipies,</span> <span class='ocrx_word' id='word_1_98' title='bbox 270 1740 378 1821; x_wconf 90' lang='lat' dir='ltr'>inquit,</span> <span class='ocrx_word' id='word_1_99' title='bbox 395 1737 427 1822; x_wconf 68' lang='grc'>2)</span> <span class='ocrx_word' id='word_1_100' title='bbox 462 1761 516 1803; x_wconf 90' lang='lat' dir='ltr'>eos</span> <span class='ocrx_word' id='word_1_101' title='bbox 545 1742 625 1802; x_wconf 88' lang='lat' dir='ltr'>inter</span> <span class='ocrx_word' id='word_1_102' title='bbox 654 1741 739 1819; x_wconf 79' lang='lat' dir='ltr'>filios</span> <span class='ocrx_word' id='word_1_103' title='bbox 769 1742 886 1817; x_wconf 85' lang='lat' dir='ltr'>lsrael,</span> <span class='ocrx_word' id='word_1_104' title='bbox 922 1743 979 1804; x_wconf 79' lang='lat' dir='ltr'>sect</span> <span class='ocrx_word' id='word_1_105' title='bbox 1008 1742 1177 1804; x_wconf 76' lang='lat' dir='ltr'>constitues</span> 
     </span>
     <span class='ocr_line' id='line_1_14' title="bbox 79 1856 1178 1934; baseline 0.002 -18"><span class='ocrx_word' id='word_1_106' title='bbox 79 1856 192 1917; x_wconf 84' lang='lat' dir='ltr'>leuitas</span> <span class='ocrx_word' id='word_1_107' title='bbox 214 1875 310 1934; x_wconf 87' lang='lat' dir='ltr'>super</span> <span class='ocrx_word' id='word_1_108' title='bbox 334 1856 569 1918; x_wconf 85' lang='lat' dir='ltr'>tabernaculum</span> <span class='ocrx_word' id='word_1_109' title='bbox 594 1856 760 1917; x_wconf 86' lang='lat' dir='ltr'>testimonii</span> <span class='ocrx_word' id='word_1_110' title='bbox 793 1865 823 1917; x_wconf 90' lang='lat' dir='ltr'>et</span> <span class='ocrx_word' id='word_1_111' title='bbox 850 1875 946 1934; x_wconf 86' lang='lat' dir='ltr'>super</span> <span class='ocrx_word' id='word_1_112' title='bbox 969 1858 1075 1917; x_wconf 86' lang='lat' dir='ltr'>omniu</span> <span class='ocrx_word' id='word_1_113' title='bbox 1097 1875 1178 1918; x_wconf 86' lang='lat' dir='ltr'>uasa</span> 
     </span>
     <span class='ocr_line' id='line_1_15' title="bbox 79 1970 1179 2051; baseline 0.001 -21"><span class='ocrx_word' id='word_1_114' title='bbox 79 1970 147 2032; x_wconf 90' lang='lat' dir='ltr'>eius</span> <span class='ocrx_word' id='word_1_115' title='bbox 169 1971 299 2032; x_wconf 85' lang='lat' dir='ltr'>adstare</span> <span class='ocrx_word' id='word_1_116' title='bbox 322 1978 351 2031; x_wconf 94' lang='lat' dir='ltr'>et</span> <span class='ocrx_word' id='word_1_117' title='bbox 372 1989 468 2048; x_wconf 87' lang='lat' dir='ltr'>super</span> <span class='ocrx_word' id='word_1_118' title='bbox 490 1990 698 2051; x_wconf 83' lang='lat' dir='ltr'>quaecumque</span> <span class='ocrx_word' id='word_1_119' title='bbox 720 1979 793 2033; x_wconf 92' lang='lat' dir='ltr'>sunt</span> <span class='ocrx_word' id='word_1_120' title='bbox 817 1971 946 2048; x_wconf 88' lang='lat' dir='ltr'>inipso.</span> <span class='ocrx_word' id='word_1_121' title='bbox 984 1970 1050 2050; x_wconf 84' lang='lat' dir='ltr'>Ipsi</span> <span class='ocrx_word' id='word_1_122' title='bbox 1067 1971 1179 2032; x_wconf 88' lang='lat' dir='ltr'>tollant</span> 
     </span>
     <span class='ocr_line' id='line_1_16' title="bbox 79 2079 1177 2161; baseline 0.003 -19"><span class='ocrx_word' id='word_1_123' title='bbox 79 2081 314 2144; x_wconf 84' lang='lat' dir='ltr'>tabernaculum</span> <span class='ocrx_word' id='word_1_124' title='bbox 343 2090 373 2143; x_wconf 91' lang='lat' dir='ltr'>et</span> <span class='ocrx_word' id='word_1_125' title='bbox 401 2085 506 2144; x_wconf 88' lang='lat' dir='ltr'>omniu</span> <span class='ocrx_word' id='word_1_126' title='bbox 532 2102 612 2145; x_wconf 89' lang='lat' dir='ltr'>uasa</span> <span class='ocrx_word' id='word_1_127' title='bbox 643 2084 711 2144; x_wconf 87' lang='lat' dir='ltr'>eius</span> <span class='ocrx_word' id='word_1_128' title='bbox 740 2092 769 2144; x_wconf 91' lang='lat' dir='ltr'>et</span> <span class='ocrx_word' id='word_1_129' title='bbox 798 2084 862 2161; x_wconf 89' lang='lat' dir='ltr'>ipsi</span> <span class='ocrx_word' id='word_1_130' title='bbox 884 2079 1062 2145; x_wconf 83' lang='lat' dir='ltr'>ministrent</span> <span class='ocrx_word' id='word_1_131' title='bbox 1084 2085 1117 2144; x_wconf 85' lang='lat' dir='ltr'>iu</span> <span class='ocrx_word' id='word_1_132' title='bbox 1139 2102 1177 2145; x_wconf 92' lang='lat' dir='ltr'>eo</span> 
     </span>
     <span class='ocr_line' id='line_1_17' title="bbox 79 2196 1176 2278; baseline 0.001 -21"><span class='ocrx_word' id='word_1_133' title='bbox 79 2204 110 2257; x_wconf 89' lang='lat' dir='ltr'>et</span> <span class='ocrx_word' id='word_1_134' title='bbox 138 2197 172 2257; x_wconf 89' lang='lat' dir='ltr'>in</span> <span class='ocrx_word' id='word_1_135' title='bbox 203 2197 337 2258; x_wconf 89' lang='lat' dir='ltr'>circuitu</span> <span class='ocrx_word' id='word_1_136' title='bbox 367 2196 563 2259; x_wconf 78' lang='lat' dir='ltr'>tabernaculi</span> <span class='ocrx_word' id='word_1_137' title='bbox 594 2205 700 2259; x_wconf 89' lang='lat' dir='ltr'>castra</span> <span class='ocrx_word' id='word_1_138' title='bbox 722 2198 783 2278; x_wconf 87' lang='lat' dir='ltr'>ipsi</span> <span class='ocrx_word' id='word_1_139' title='bbox 806 2198 1015 2274; x_wconf 76' lang='lat' dir='ltr'>constituant,</span> <span class='ocrx_word' id='word_1_140' title='bbox 1049 2206 1078 2258; x_wconf 91' lang='lat' dir='ltr'>et</span> <span class='ocrx_word' id='word_1_141' title='bbox 1097 2216 1176 2274; x_wconf 86' lang='lat' dir='ltr'>pro-</span> 
     </span>
     <span class='ocr_line' id='line_1_18' title="bbox 78 2307 1176 2389; baseline 0.003 -20"><span class='ocrx_word' id='word_1_142' title='bbox 78 2309 232 2371; x_wconf 86' lang='lat' dir='ltr'>mouendo</span> <span class='ocrx_word' id='word_1_143' title='bbox 256 2307 489 2372; x_wconf 86' lang='lat' dir='ltr'>tabernaculum</span> <span class='ocrx_word' id='word_1_144' title='bbox 511 2310 573 2389; x_wconf 88' lang='lat' dir='ltr'>ipsi</span> <span class='ocrx_word' id='word_1_145' title='bbox 596 2311 755 2389; x_wconf 87' lang='lat' dir='ltr'>deponant</span> <span class='ocrx_word' id='word_1_146' title='bbox 777 2311 890 2372; x_wconf 81' lang='lat' dir='ltr'>levitae</span> <span class='ocrx_word' id='word_1_147' title='bbox 913 2319 942 2372; x_wconf 89' lang='lat' dir='ltr'>et</span> <span class='ocrx_word' id='word_1_148' title='bbox 960 2312 1176 2373; x_wconf 85' lang='lat' dir='ltr'>constituendo</span> 
     </span>
     <span class='ocr_line' id='line_1_19' title="bbox 79 2422 1178 2503; baseline 0.001 -19"><span class='ocrx_word' id='word_1_149' title='bbox 79 2431 188 2485; x_wconf 83' lang='lat' dir='ltr'>castra</span> <span class='ocrx_word' id='word_1_150' title='bbox 208 2442 332 2486; x_wconf 85' lang='lat' dir='ltr'>rursum</span> <span class='ocrx_word' id='word_1_151' title='bbox 354 2423 455 2500; x_wconf 88' lang='lat' dir='ltr'>ipsum</span> <span class='ocrx_word' id='word_1_152' title='bbox 475 2422 708 2483; x_wconf 85' lang='lat' dir='ltr'>tabernaculum</span> <span class='ocrx_word' id='word_1_153' title='bbox 724 2424 786 2503; x_wconf 89' lang='lat' dir='ltr'>ipsi</span> <span class='ocrx_word' id='word_1_154' title='bbox 801 2431 951 2484; x_wconf 82' lang='lat' dir='ltr'>statuunt.</span> <span class='ocrx_word' id='word_1_155' title='bbox 990 2423 1178 2503; x_wconf 77' lang='lat' dir='ltr'>Alienipenu</span> 
     </span>
     <span class='ocr_line' id='line_1_20' title="bbox 78 2537 767 2617; baseline -0.003 -17"><span class='ocrx_word' id='word_1_156' title='bbox 78 2539 260 2617; x_wconf 81' lang='lat' dir='ltr'>quicumque</span> <span class='ocrx_word' id='word_1_157' title='bbox 284 2538 461 2612; x_wconf 84' lang='lat' dir='ltr'>accesserit,</span> <span class='ocrx_word' id='word_1_158' title='bbox 488 2544 585 2598; x_wconf 84' lang='lat' dir='ltr'>rnorte</span> <span class='ocrx_word' id='word_1_159' title='bbox 607 2537 767 2599; x_wconf 84' lang='lat' dir='ltr'>moriatur.</span> 
     </span>
    </p>

    <p class='ocr_par' dir='ltr' id='par_1_4' title="bbox 79 2650 1272 3988">
     <span class='ocr_line' id='line_1_21' title="bbox 167 2650 1176 2732; baseline -0.001 -18"><span class='ocrx_word' id='word_1_160' title='bbox 167 2650 239 2715; x_wconf 82' lang='lat'>251.</span> <span class='ocrx_word' id='word_1_161' title='bbox 284 2652 328 2713; x_wconf 79' lang='lat' dir='ltr'>l&#39;u</span> <span class='ocrx_word' id='word_1_162' title='bbox 352 2669 426 2732; x_wconf 84' lang='lat' dir='ltr'>ergo</span> <span class='ocrx_word' id='word_1_163' title='bbox 450 2651 563 2713; x_wconf 89' lang='lat' dir='ltr'>electus</span> <span class='ocrx_word' id='word_1_164' title='bbox 587 2670 626 2712; x_wconf 88' lang='lat' dir='ltr'>ex</span> <span class='ocrx_word' id='word_1_165' title='bbox 656 2652 735 2713; x_wconf 92' lang='lat' dir='ltr'>omni</span> <span class='ocrx_word' id='word_1_166' title='bbox 764 2669 888 2713; x_wconf 88' lang='lat' dir='ltr'>numero</span> <span class='ocrx_word' id='word_1_167' title='bbox 919 2650 1044 2712; x_wconf 87' lang='lat' dir='ltr'>filiorum</span> <span class='ocrx_word' id='word_1_168' title='bbox 1074 2650 1176 2729; x_wconf 88' lang='lat' dir='ltr'>lsrael,</span> 
     </span>
     <span class='ocr_line' id='line_1_22' title="bbox 79 2765 1177 2848; baseline -0.005 -16"><span class='ocrx_word' id='word_1_169' title='bbox 79 2770 156 2832; x_wconf 89' lang='lat' dir='ltr'>inter</span> <span class='ocrx_word' id='word_1_170' title='bbox 179 2786 283 2832; x_wconf 91' lang='lat' dir='ltr'>sacros</span> <span class='ocrx_word' id='word_1_171' title='bbox 307 2767 420 2830; x_wconf 81' lang='lat' dir='ltr'>fructus</span> <span class='ocrx_word' id='word_1_172' title='bbox 444 2768 528 2847; x_wconf 87' lang='lat' dir='ltr'>quasi</span> <span class='ocrx_word' id='word_1_173' title='bbox 550 2767 765 2848; x_wconf 84' lang='lat' dir='ltr'>primogenitus</span> <span class='ocrx_word' id='word_1_174' title='bbox 786 2767 966 2844; x_wconf 86' lang='lat' dir='ltr'>aestimatus,</span> <span class='ocrx_word' id='word_1_175' title='bbox 990 2765 1177 2846; x_wconf 85' lang='lat' dir='ltr'>praepositus</span> 
     </span>
     <span class='ocr_line' id='line_1_23' title="bbox 79 2868 1272 2965; baseline -0.007 -18"><span class='ocrx_word' id='word_1_176' title='bbox 79 2884 288 2961; x_wconf 89' lang='lat' dir='ltr'>tabernaculo,</span> <span class='ocrx_word' id='word_1_177' title='bbox 322 2890 352 2945; x_wconf 91' lang='lat' dir='ltr'>ut</span> <span class='ocrx_word' id='word_1_178' title='bbox 379 2882 558 2965; x_wconf 89' lang='lat' dir='ltr'>praetendas</span> <span class='ocrx_word' id='word_1_179' title='bbox 590 2883 620 2944; x_wconf 92' lang='lat' dir='ltr'>in</span> <span class='ocrx_word' id='word_1_180' title='bbox 649 2884 754 2945; x_wconf 91' lang='lat' dir='ltr'>castris</span> <span class='ocrx_word' id='word_1_181' title='bbox 784 2882 946 2944; x_wconf 86' lang='lat' dir='ltr'>sanctitatis</span> <span class='ocrx_word' id='word_1_182' title='bbox 969 2887 999 2941; x_wconf 92' lang='lat' dir='ltr'>et</span> <span class='ocrx_word' id='word_1_183' title='bbox 1023 2879 1106 2957; x_wconf 84' lang='lat' dir='ltr'>fidei,</span> <span class='ocrx_word' id='word_1_184' title='bbox 1139 2878 1176 2940; x_wconf 90' lang='lat' dir='ltr'>ad</span> <span class='ocrx_word' id='word_1_185' title='bbox 1268 2868 1272 2875; x_wconf 78' lang='grc'><strong>’</strong></span> 
     </span>
     <span class='ocr_line' id='line_1_24' title="bbox 80 2994 1177 3083; baseline -0.01 -19"><span class='ocrx_word' id='word_1_186' title='bbox 80 3020 157 3083; x_wconf 89' lang='lat' dir='ltr'>quae</span> <span class='ocrx_word' id='word_1_187' title='bbox 189 3001 216 3064; x_wconf 94' lang='lat' dir='ltr'>si</span> <span class='ocrx_word' id='word_1_188' title='bbox 246 3001 412 3082; x_wconf 85' lang='lat' dir='ltr'>alienigena</span> <span class='ocrx_word' id='word_1_189' title='bbox 443 2999 624 3076; x_wconf 90' lang='lat' dir='ltr'>accesserit,</span> <span class='ocrx_word' id='word_1_190' title='bbox 658 3003 753 3059; x_wconf 89' lang='lat' dir='ltr'>morte</span> <span class='ocrx_word' id='word_1_191' title='bbox 785 2997 944 3073; x_wconf 91' lang='lat' dir='ltr'>morietur,</span> <span class='ocrx_word' id='word_1_192' title='bbox 980 2994 1111 3074; x_wconf 89' lang='lat' dir='ltr'>positus,</span> <span class='ocrx_word' id='word_1_193' title='bbox 1147 3000 1177 3054; x_wconf 90' lang='lat' dir='ltr'>ut</span> 
     </span>
     <span class='ocr_line' id='line_1_25' title="bbox 81 3108 1176 3199; baseline -0.014 -19"><span class='ocrx_word' id='word_1_194' title='bbox 81 3117 202 3199; x_wconf 91' lang='lat' dir='ltr'>operias</span> <span class='ocrx_word' id='word_1_195' title='bbox 225 3134 322 3177; x_wconf 89' lang='lat' dir='ltr'>arcam</span> <span class='ocrx_word' id='word_1_196' title='bbox 346 3116 522 3177; x_wconf 90' lang='lat' dir='ltr'>testamenti.</span> <span class='ocrx_word' id='word_1_197' title='bbox 567 3113 635 3175; x_wconf 90' lang='lat' dir='ltr'>Non</span> <span class='ocrx_word' id='word_1_198' title='bbox 658 3113 736 3174; x_wconf 89' lang='lat' dir='ltr'>enim</span> <span class='ocrx_word' id='word_1_199' title='bbox 759 3129 863 3174; x_wconf 89' lang='lat' dir='ltr'>omnes</span> <span class='ocrx_word' id='word_1_200' title='bbox 888 3109 988 3170; x_wconf 88' lang='lat' dir='ltr'>vident</span> <span class='ocrx_word' id='word_1_201' title='bbox 1019 3108 1075 3168; x_wconf 86' lang='lat' dir='ltr'>alta</span> <span class='ocrx_word' id='word_1_202' title='bbox 1107 3125 1176 3187; x_wconf 87' lang='lat' dir='ltr'>my-</span> 
     </span>
     <span class='ocr_line' id='line_1_26' title="bbox 80 3220 1176 3312; baseline -0.014 -17"><span class='ocrx_word' id='word_1_203' title='bbox 80 3232 258 3309; x_wconf 89' lang='lat' dir='ltr'>steriorum,</span> <span class='ocrx_word' id='word_1_204' title='bbox 293 3230 360 3311; x_wconf 91' lang='lat' dir='ltr'>quia</span> <span class='ocrx_word' id='word_1_205' title='bbox 383 3229 559 3312; x_wconf 88' lang='lat' dir='ltr'>operiuntur</span> <span class='ocrx_word' id='word_1_206' title='bbox 581 3246 599 3289; x_wconf 83' lang='lat' dir='ltr'>a</span> <span class='ocrx_word' id='word_1_207' title='bbox 621 3227 737 3304; x_wconf 88' lang='lat' dir='ltr'>levitis,</span> <span class='ocrx_word' id='word_1_208' title='bbox 769 3245 807 3288; x_wconf 90' lang='lat' dir='ltr'>ne</span> <span class='ocrx_word' id='word_1_209' title='bbox 832 3224 969 3301; x_wconf 90' lang='lat' dir='ltr'>videant,</span> <span class='ocrx_word' id='word_1_210' title='bbox 1001 3222 1050 3302; x_wconf 87' lang='lat' dir='ltr'>qui</span> <span class='ocrx_word' id='word_1_211' title='bbox 1074 3220 1176 3282; x_wconf 88' lang='lat' dir='ltr'>videre</span> 
     </span>
     <span class='ocr_line' id='line_1_27' title="bbox 79 3334 1176 3422; baseline -0.014 -13"><span class='ocrx_word' id='word_1_212' title='bbox 79 3365 142 3409; x_wconf 90' lang='lat' dir='ltr'>non</span> <span class='ocrx_word' id='word_1_213' title='bbox 173 3345 283 3408; x_wconf 89' lang='lat' dir='ltr'>debent</span> <span class='ocrx_word' id='word_1_214' title='bbox 314 3350 344 3405; x_wconf 90' lang='lat' dir='ltr'>et</span> <span class='ocrx_word' id='word_1_215' title='bbox 372 3350 503 3422; x_wconf 90' lang='lat' dir='ltr'>sumant,</span> <span class='ocrx_word' id='word_1_216' title='bbox 539 3343 587 3422; x_wconf 89' lang='lat' dir='ltr'>qui</span> <span class='ocrx_word' id='word_1_217' title='bbox 617 3350 744 3403; x_wconf 69' lang='lat' dir='ltr'>servare¹</span> <span class='ocrx_word' id='word_1_218' title='bbox 775 3357 834 3402; x_wconf 90' lang='lat' dir='ltr'>non</span> <span class='ocrx_word' id='word_1_219' title='bbox 865 3343 999 3419; x_wconf 88' lang='lat' dir='ltr'>possunt.</span> <span class='ocrx_word' id='word_1_220' title='bbox 1053 3334 1176 3414; x_wconf 82' lang='lat' dir='ltr'>Moyses</span> 
     </span>
     <span class='ocr_line' id='line_1_28' title="bbox 81 3450 1175 3538; baseline -0.013 -17"><span class='ocrx_word' id='word_1_221' title='bbox 81 3458 212 3538; x_wconf 89' lang='lat' dir='ltr'>denique</span> <span class='ocrx_word' id='word_1_222' title='bbox 234 3455 490 3519; x_wconf 88' lang='lat' dir='ltr'>circumcisionem</span> <span class='ocrx_word' id='word_1_223' title='bbox 513 3453 585 3516; x_wconf 91' lang='lat' dir='ltr'>vidit</span> <span class='ocrx_word' id='word_1_224' title='bbox 606 3452 784 3533; x_wconf 90' lang='lat' dir='ltr'>spiritalem,</span> <span class='ocrx_word' id='word_1_225' title='bbox 817 3450 870 3512; x_wconf 90' lang='lat' dir='ltr'>sed</span> <span class='ocrx_word' id='word_1_226' title='bbox 894 3450 1010 3532; x_wconf 89' lang='lat' dir='ltr'>operuit</span> <span class='ocrx_word' id='word_1_227' title='bbox 1032 3466 1113 3525; x_wconf 87' lang='lat' dir='ltr'>eam,</span> <span class='ocrx_word' id='word_1_228' title='bbox 1144 3453 1175 3508; x_wconf 92' lang='lat' dir='ltr'>ut</span> 
     </span>
     <span class='ocr_line' id='line_1_29' title="bbox 80 3537 1175 3653; baseline -0.01 -18"><span class='ocrx_word' id='word_1_229' title='bbox 80 3575 112 3635; x_wconf 88' lang='lat' dir='ltr'>in</span> <span class='ocrx_word' id='word_1_230' title='bbox 138 3572 229 3653; x_wconf 83' lang='lat' dir='ltr'>signo</span> <span class='ocrx_word' id='word_1_231' title='bbox 258 3537 515 3634; x_wconf 83' lang='lat' dir='ltr'>circumcisionem</span> <span class='ocrx_word' id='word_1_232' title='bbox 544 3568 769 3649; x_wconf 84' lang='lat' dir='ltr'>praescriberet.</span> <span class='ocrx_word' id='word_1_233' title='bbox 815 3565 894 3627; x_wconf 90' lang='lat' dir='ltr'>Vidit</span> <span class='ocrx_word' id='word_1_234' title='bbox 916 3583 1019 3646; x_wconf 79' lang='lat' dir='ltr'>azyma</span> <span class='ocrx_word' id='word_1_235' title='bbox 1043 3563 1175 3624; x_wconf 89' lang='lat' dir='ltr'>veritatis</span> 
     </span>
     <span class='ocr_line' id='line_1_30' title="bbox 81 3678 1175 3765; baseline -0.01 -16"><span class='ocrx_word' id='word_1_236' title='bbox 81 3693 113 3749; x_wconf 89' lang='lat' dir='ltr'>et</span> <span class='ocrx_word' id='word_1_237' title='bbox 134 3686 323 3764; x_wconf 80' lang='lat' dir='ltr'>sinceritatis,</span> <span class='ocrx_word' id='word_1_238' title='bbox 346 3685 420 3747; x_wconf 90' lang='lat' dir='ltr'>vidit</span> <span class='ocrx_word' id='word_1_239' title='bbox 443 3683 614 3765; x_wconf 89' lang='lat' dir='ltr'>passionem</span> <span class='ocrx_word' id='word_1_240' title='bbox 638 3681 765 3758; x_wconf 87' lang='lat' dir='ltr'>domini;</span> <span class='ocrx_word' id='word_1_241' title='bbox 791 3680 908 3762; x_wconf 91' lang='lat' dir='ltr'>operuit</span> <span class='ocrx_word' id='word_1_242' title='bbox 929 3678 1040 3759; x_wconf 84' lang='lat' dir='ltr'>azymis</span> <span class='ocrx_word' id='word_1_243' title='bbox 1062 3694 1175 3758; x_wconf 93' lang='lat' dir='ltr'>corpo-</span> 
     </span>
     <span class='ocr_line' id='line_1_31' title="bbox 80 3791 1176 3882; baseline -0.01 -17"><span class='ocrx_word' id='word_1_244' title='bbox 80 3802 194 3866; x_wconf 89' lang='lat' dir='ltr'>ralibus</span> <span class='ocrx_word' id='word_1_245' title='bbox 224 3818 329 3882; x_wconf 83' lang='lat' dir='ltr'>azyma</span> <span class='ocrx_word' id='word_1_246' title='bbox 357 3800 507 3877; x_wconf 85' lang='lat' dir='ltr'>veritatis,</span> <span class='ocrx_word' id='word_1_247' title='bbox 544 3798 660 3878; x_wconf 86' lang='lat' dir='ltr'>operuit</span> <span class='ocrx_word' id='word_1_248' title='bbox 690 3796 858 3876; x_wconf 90' lang='lat' dir='ltr'>passionem</span> <span class='ocrx_word' id='word_1_249' title='bbox 891 3794 999 3858; x_wconf 87' lang='lat' dir='ltr'>domini</span> <span class='ocrx_word' id='word_1_250' title='bbox 1030 3793 1099 3874; x_wconf 83' lang='lat' dir='ltr'>agni</span> <span class='ocrx_word' id='word_1_251' title='bbox 1129 3791 1176 3854; x_wconf 86' lang='lat' dir='ltr'>vel</span> 
     </span>
     <span class='ocr_line' id='line_1_32' title="bbox 81 3907 1175 3988; baseline -0.011 -9"><span class='ocrx_word' id='word_1_252' title='bbox 81 3915 166 3980; x_wconf 86' lang='lat' dir='ltr'>rituli</span> <span class='ocrx_word' id='word_1_253' title='bbox 198 3913 407 3977; x_wconf 90' lang='lat' dir='ltr'>immolatione.</span> <span class='ocrx_word' id='word_1_254' title='bbox 459 3912 497 3974; x_wconf 89' lang='lat' dir='ltr'>Et</span> <span class='ocrx_word' id='word_1_255' title='bbox 529 3911 600 3973; x_wconf 91' lang='lat' dir='ltr'>boni</span> <span class='ocrx_word' id='word_1_256' title='bbox 632 3909 741 3972; x_wconf 87' lang='lat' dir='ltr'>levitae</span> <span class='ocrx_word' id='word_1_257' title='bbox 775 3914 972 3971; x_wconf 88' lang='lat' dir='ltr'>servaverunt</span> <span class='ocrx_word' id='word_1_258' title='bbox 1003 3907 1175 3988; x_wconf 80' lang='lat' dir='ltr'>mysterium</span> 
     </span>
    </p>
   </div>
   <div class='ocr_carea' id='block_1_3' title="bbox 155 4152 848 4228">
    <p class='ocr_par' dir='ltr' id='par_1_5' title="bbox 155 4152 848 4228">
     <span class='ocr_line' id='line_1_33' title="bbox 155 4152 848 4228; baseline -0.013 -17"><span class='ocrx_word' id='word_1_259' title='bbox 155 4160 184 4228; x_wconf 82' lang='lat'>1)</span> <span class='ocrx_word' id='word_1_260' title='bbox 202 4158 275 4212; x_wconf 80' lang='lat' dir='ltr'>Num.</span> <span class='ocrx_word' id='word_1_261' title='bbox 296 4157 322 4224; x_wconf 83' lang='lat'>3,</span> <span class='ocrx_word' id='word_1_262' title='bbox 341 4155 374 4210; x_wconf 83' lang='grc'>12</span> <span class='ocrx_word' id='word_1_263' title='bbox 394 4163 420 4207; x_wconf 83' lang='lat' dir='ltr'>st</span> <span class='ocrx_word' id='word_1_264' title='bbox 439 4155 480 4209; x_wconf 87' lang='grc'>13.</span> <span class='ocrx_word' id='word_1_265' title='bbox 553 4154 581 4218; x_wconf 86' lang='grc'>2)</span> <span class='ocrx_word' id='word_1_266' title='bbox 598 4152 662 4205; x_wconf 89' lang='lat' dir='ltr'>lbid.</span> <span class='ocrx_word' id='word_1_267' title='bbox 683 4152 706 4217; x_wconf 81' lang='lat' dir='ltr'>l,</span> <span class='ocrx_word' id='word_1_268' title='bbox 726 4153 759 4203; x_wconf 77' lang='lat'>49</span> <span class='ocrx_word' id='word_1_269' title='bbox 777 4167 848 4220; x_wconf 85' lang='lat' dir='ltr'>seqq.</span> 
     </span>
    </p>
   </div>
   <div class='ocr_carea' id='block_1_4' title="bbox 0 0 1351 4666">
    <p class='ocr_par' dir='ltr' id='par_1_6' title="bbox 0 0 1351 4666">
     <span class='ocr_line' id='line_1_34' title="bbox 0 0 1351 4666; baseline 0 0"><span class='ocrx_word' id='word_1_270' title='bbox 0 0 1351 4666; x_wconf 95' lang='lat' dir='ltr'> </span> 
     </span>
    </p>
   </div>
  </div>
 </body>
</html>
