2692 4666
371 323 417 380 DE
435 274 572 381 certans
590 320 814 380 bmsmonttlt
831 321 928 379 tanea
945 321 964 378 l.
1170 320 1212 388 59

119 505 157 550 se
178 487 243 570 ipso
265 486 412 569 placere?
454 486 518 549 Nec
539 487 603 569 ipsa
625 493 730 550 natura
752 501 809 549 nos
835 484 940 565 docet,
972 503 1050 566 quae
1078 481 1237 565 perfectae

122 597 240 683 quidem
264 615 367 662 omnes
391 602 490 681 partes
513 598 607 662 nostri
630 599 766 680 corporis
790 597 958 678 explicavit,
981 604 1013 660 ut
1030 598 1213 682 etneoessi·

121 713 173 776 tati
195 713 367 777 consuleret
389 719 419 774 et
441 713 566 794 gratiam
587 710 786 775 venustaret?
830 709 889 774 Sed
913 716 1011 774 tamen
1035 727 1104 790 eas,
1135 728 1213 791 quae

121 822 252 892 decorae
274 828 311 892 ad
333 812 484 911 aspectum
508 827 623 908 forent,
653 829 684 892 in
707 828 813 909 quibus
836 825 948 890 iormac
971 843 1048 907 apex
1077 823 1162 906 quasi
1182 823 1212 884 in

121 962 192 1007 arce
216 943 339 1026 quadam
361 943 475 1006 locatus
499 948 528 1004 et
550 941 665 1024 figurae
687 941 816 1003 suavitas
840 946 869 1002 ct
889 939 986 1002 vultus
1003 935 1118 1019 species
1136 935 1213 996 emi-

120 1063 210 1119 neret
232 1053 434 1139 operandique
456 1071 528 1118 usus
558 1059 639 1116 esset
665 1054 812 1136 paratior,
846 1053 949 1116 obvias
980 1059 1068 1133 atque
1096 1053 1213 1131 apertas

120 1170 241 1251 reliquit
248 1190 258 1246 ;
282 1187 334 1232 eas
356 1187 442 1248 vero,
465 1170 495 1230 in
518 1169 624 1251 quibus
647 1175 730 1232 esset
751 1169 890 1231 naturalis
911 1167 1084 1248 obsequium
1102 1181 1213 1227 neces,-

121 1281 1211 1367 fflfflmfflmfflmwmmwmwmm

122 1417 210 1480 qnam
232 1399 262 1460 in
284 1398 350 1479 ipso
374 1395 540 1458 amandavit
559 1403 649 1477 atque
663 1395 818 1458 abscondit
833 1412 971 1476 corpore,
994 1394 1098 1474 partim
1114 1391 1215 1454 docuit

123 1519 155 1575 et
176 1513 269 1576 suasit
292 1509 446 1595 tegendas.

212 1623 262 1688 78.
307 1625 414 1689 Nonne
436 1626 527 1710 igitur
549 1625 612 1706 ipsa
634 1632 739 1688 natura
761 1631 809 1686 cst
830 1624 971 1707 magistra
992 1620 1214 1697 verecundiae?

122 1736 215 1800 Cuius
238 1738 374 1820 exemplo
405 1737 548 1801 modestia
577 1737 746 1817 hominum,
779 1755 866 1818 quam
893 1755 910 1799 a
942 1738 1031 1802 modo
1062 1737 1214 1815 scientiae,

123 1852 194 1934 quid
216 1852 354 1932 deceret,
377 1851 550 1934 appellatam
572 1850 717 1927 arbitror3
741 1848 769 1911 id
792 1849 924 1931 quodrin
946 1850 1002 1913 bac
1023 1850 1118 1912 nostri
1141 1866 1214 1912 cor-

122 1968 206 2050 poris
228 1965 338 2029 iabrica
361 1966 489 2028 abditum
511 1965 653 2046 repperit,
677 1964 794 2047 operuit
815 1969 844 2026 et
859 1964 941 2044 texit,
965 1969 996 2026 ut
1011 1964 1118 2026 ostium
1133 1961 1214 2041 illud,

123 2077 1215 2163 mmmwwfflmmmfflmwfflm

124 2205 181 2277 est,
197 2194 224 2281 ¹)
246 2197 276 2258 in
299 2214 355 2277 qua
379 2196 429 2258 vel
449 2194 602 2257 Ecclesiae
625 2195 674 2256 vel
696 2194 791 2258 nostri
813 2193 909 2276 ligura
932 2200 978 2255 est
993 2192 1137 2274 corporis,
1160 2209 1215 2272 per

123 2310 203 2393 quod
227 2310 334 2374 ostium
357 2316 521 2393 egeruntur
543 2309 687 2390 reliquiae
710 2310 851 2372 ciborum.
896 2307 977 2390 Ergo
1000 2313 1124 2369 naturae
1146 2306 1215 2388 opi-

122 2424 174 2486 fex
195 2424 239 2486 sic
261 2429 383 2486 nostrae
406 2422 516 2485 studuit
538 2420 756 2501 verecundiae,
780 2421 823 2484 sic
847 2421 988 2485 decorum
1010 2420 1082 2483 illud
1104 2426 1133 2482 et
1154 2419 1216 2483 ho-

121 2544 239 2602 nestum
261 2540 291 2600 in
314 2543 418 2601 nostro
441 2536 599 2601 custodivit
622 2555 759 2619 corpore,
782 2543 814 2599 ut
835 2536 940 2600 ductus
963 2535 1106 2617 quosdam
1126 2542 1215 2616 atque

122 2652 220 2714 exitus
243 2651 445 2713 cuniculorum
469 2657 639 2713 nostrorum
661 2657 730 2731 post
751 2655 867 2733 tergum
889 2648 1040 2733 relegaret
1068 2657 1157 2731 atque
1179 2650 1215 2712 ab

122 2770 245 2848 aspectu
269 2771 373 2827 nostro
396 2773 563 2846 averteret,
589 2784 627 2827 ne
650 2766 788 2847 purgatio
811 2767 923 2828 ventris
946 2766 1040 2828 visum
1063 2763 1216 2827 oculorum

123 2879 300 2944 offenderet.
344 2879 389 2941 De
412 2898 472 2961 quo
494 2879 618 2962 pulchre
642 2880 795 2961 apostolus
817 2881 872 2943 ait:
890 2877 922 2965 ²)
952 2880 1037 2955 Quae
1058 2881 1215 2956 videatur,

121 2994 224 3076 inquit,
247 2993 381 3056 membra
401 3013 469 3057 esse
491 2996 637 3073 corporis
661 2995 848 3076 infirmiora,
871 2997 1053 3058 necessaria
1075 3001 1218 3072 aaat‚'et

122 3128 204 3192 qaae
222 3115 368 3188 patamas
391 3109 582 3190 ipaobiliora
603 3130 670 3173 esse
692 3110 827 3173 membra
849 3112 1008 3191 corporis,
1040 3110 1089 3172 bis
1116 3109 1215 3172 abao-

122 3224 298 3286 daatiorem
327 3224 476 3286 bonorem
507 3226 751 3310 circumdamus,
782 3234 813 3288 et
843 3245 922 3307 qaae
951 3227 1116 3288 iaboaesta
1144 3232 1218 3286 sant

122 3345 247 3415 nostra,
269 3337 458 3400 honestatem
479 3339 738 3403 abundantiorem
759 3341 880 3403 babeat.
919 3340 1034 3402 Etenim
1056 3339 1216 3401 imitatione

99 3458 247 3540 ,naturae
269 3451 411 3515 industria
435 3455 517 3517 auxit
538 3456 670 3538 gratiam.
717 3455 803 3530 Quod
828 3456 886 3519 alio
916 3454 984 3517 loco
1015 3456 1100 3516 etiam
1131 3453 1216 3516 altius

123 3568 308 3649 interpretati
330 3585 449 3649 sumus,
471 3567 503 3654 ³)
534 3578 566 3633 ut
595 3590 656 3635 non
687 3572 783 3635 solum
815 3568 1030 3633 abscondamus
1054 3570 1090 3630 ab
1114 3567 1216 3646 oculis,

123 3700 229 3744 verum
251 3682 339 3744 etiam
360 3701 437 3763 quae
452 3684 662 3749 abscondenda
678 3686 855 3767 accepimus,
879 3703 983 3748 eorum
998 3683 1106 3746 indicia
1121 3699 1215 3745 usus-

123 3814 183 3877 que
220 3797 419 3858 membrorum
457 3799 518 3862 suis
556 3799 798 3882 appellationibus
835 3817 1009 3881 nuncupare
1043 3797 1215 3860 indecorum

123 3918 269 3992 pommus

195 4063 223 4129 1)
243 4062 349 4132 (tend,
369 4065 411 4118 16.
488 4065 516 4131 2)
536 4066 559 4118 l.
579 4063 637 4120 Gor.
657 4066 699 4134 12,
719 4067 824 4141 etseq.
902 4065 932 4138 3)
950 4065 1004 4123 lib.
1024 4065 1046 4119 l.
1066 4065 1099 4118 de
1117 4064 1217 4119 Nocet

122 4167 183 4215 arca
202 4167 257 4224 cap.
276 4152 301 4209 8.
