2692 4666
369 329 415 382 ott
434 327 570 383 otntcns
588 326 812 381 ntnlstnonunt
831 326 927 381 LIBER
945 328 976 382 11.
1160 333 1221 399 163

124 507 195 554 esse
217 495 344 572 oportet,
367 489 423 553 sed
438 489 533 572 magis
555 496 702 570 tamquam
724 506 873 578 memores
896 489 1010 572 gratiae
1031 488 1222 554 humilitatem

123 610 246 682 tenere,
275 620 375 684 neque
398 603 509 666 offendi
531 603 735 682 sacerdotem,
759 604 785 666 si
807 608 857 665 aut
878 604 1037 686 presbyter
1059 610 1109 667 aut
1130 606 1221 669 mini·

122 723 186 779 ster
209 721 259 779 aut
281 717 436 798 quisquam
467 716 504 778 de
533 715 615 779 clero
646 722 696 779 aut
721 715 924 779 misericordia
954 721 1003 779 aut
1032 717 1142 780 ieiunio
1172 725 1223 782 aut

121 830 293 912 integritate
316 836 367 892 aut
389 828 522 892 doctrina
544 834 593 891 aut
614 828 743 892 lectione
772 829 1019 906 existimationem
1053 830 1223 894 adcumulet

122 960 216 1004 suam.
262 940 360 1005 Gratia
379 944 456 1005 enim
472 943 627 1006 Ecclesiae
649 944 714 1006 laus
738 943 870 1007 doctoris
893 949 946 1007 est.
991 943 1122 1024 Bonum,
1145 961 1221 1026 opus

121 1055 248 1119 alieuius
278 1054 461 1136 praedicari3
494 1057 534 1118 ita
558 1063 674 1136 tamen,
709 1057 734 1119 si
757 1056 839 1121 nullo
861 1057 959 1121 studio
983 1056 1034 1119 liat
1055 1056 1220 1120 iactantiae.

121 1169 258 1232 Laudent
280 1169 358 1231 enim
383 1188 624 1251 unumquemque
648 1171 853 1251 proximorum
874 1171 969 1251 labia,
1000 1175 1031 1232 et
1051 1188 1114 1234 non
1135 1187 1222 1235 suum

122 1301 177 1361 os,
202 1288 232 1344 et
254 1281 462 1345 commendent
485 1299 598 1363 opera,
620 1298 682 1345 non
705 1281 799 1345 studia
822 1300 885 1344 sua.

213 1391 284 1458 123.
330 1393 468 1456 Ceterum
490 1393 516 1455 si
539 1393 605 1475 quis
635 1410 696 1456 non
727 1392 846 1456 obediat
876 1394 1037 1476 episeopo,
1074 1396 1221 1459 extollere

122 1515 212 1588 atque
237 1506 368 1569 exaltare
390 1525 460 1571 sese
482 1507 649 1586 desideret,
678 1509 857 1571 obumbrare
886 1508 990 1572 merita
1021 1509 1154 1592 episcopi
1174 1511 1221 1575 si-

122 1624 230 1686 mrdata
252 1621 452 1686 adsectatione
474 1623 627 1686 doctrinae
650 1629 699 1686 aut
721 1623 891 1687 humilitatis
914 1630 965 1687 aut
986 1623 1221 1704 misericordiae,

122 1739 150 1800 is
166 1755 185 1799 a
199 1754 275 1799 vero
299 1734 577 1816 deviussuperbit,
601 1735 739 1814 quoniam
762 1734 895 1797 veritatis
917 1753 952 1797 ea
974 1740 1022 1798 est
1041 1734 1168 1819 regula,
1189 1741 1222 1798 ut

83 1878 87 1886 v
121 1850 194 1914 nibil
217 1849 309 1912 facias
333 1848 559 1913 commendandi
579 1850 622 1911 tui
644 1866 750 1929 eausa,
773 1865 832 1930 quo
855 1850 952 1912 minor
974 1847 1049 1910 alius
1070 1848 1221 1927 tion—*ue-

122 1979 182 2042 que
213 1962 240 2022 si
270 1959 340 2040 quid
369 1960 442 2023 boni
470 1959 601 2041 babeas,
636 1959 666 2023 id
695 1958 733 2022 ad
763 1958 1009 2023 deformationem
1040 1960 1160 2024 alterius
1191 1966 1221 2024 et

123 2074 373 2156 vituperationem
399 2090 555 2135 exerceas.

215 2183 286 2251 124.
330 2187 399 2251 Non
430 2186 576 2250 delendas
604 2187 761 2268 inprobum
790 2191 821 2247 et
850 2191 952 2248 sancta
981 2182 1104 2268 indigno
1135 2201 1223 2247 oom-

123 2301 267 2364 mittenda
295 2300 467 2377 arbitreris,
498 2315 597 2378 neque
625 2297 731 2360 iterum
757 2314 867 2380 urgeas
891 2303 921 2359 et
942 2296 1105 2380 inpugnes,
1139 2296 1223 2359 euius

125 2413 238 2474 crimen
271 2429 332 2474 non
366 2408 610 2492 deprehenderis.
655 2407 730 2470 Nam
759 2425 825 2470 eum
854 2408 885 2470 in
916 2409 1052 2471 omnibus
1085 2409 1223 2474 iniustitia

126 2525 186 2589 cito
217 2524 363 2603 offendat,
397 2531 458 2586 tum
487 2522 614 2584 maxime
636 2521 666 2583 in
689 2521 834 2600 ecclesia,
867 2521 917 2584 ubi
949 2524 1125 2602 aequitatem
1153 2541 1223 2588 esse

126 2643 260 2719 oportet,
284 2637 334 2698 ubi
357 2634 566 2716 aequalitatem
588 2632 700 2695 habere
723 2633 826 2711 decet,
848 2638 879 2694 ut
900 2634 973 2698 nibil
995 2635 1052 2698 sibi
1073 2637 1223 2718 potentior

124 2751 193 2832 plus
222 2749 368 2829 uindicet,
402 2749 475 2811 nihil
504 2747 571 2831 plus
601 2753 725 2830 usurpet
755 2747 851 2810 ditior.
896 2747 966 2813 Sive
996 2749 1075 2812 enim
1100 2768 1222 2832 pauper,

123 2866 190 2928 sive
211 2864 305 2944 dives,
328 2866 359 2926 in
374 2863 491 2927 Christo
515 2881 605 2927 unum
627 2867 703 2925 sunt.
747 2862 827 2925 Nihil
849 2863 980 2926 sanctior
1001 2863 1068 2945 plus
1090 2863 1148 2928 sibi
1168 2881 1222 2926 ar·

123 2985 213 3062 roget
220 2999 229 3056 3
252 2979 349 3060 ipsum
372 2979 450 3040 enim
472 2996 526 3059 par
549 2984 596 3040 est
618 2994 687 3040 esse
709 2976 905 3050 humiliorem.

214 3090 284 3157 125.
330 3091 390 3158 Sed
412 3111 470 3155 nec
498 3109 656 3174 personam
687 3091 810 3154 alterius
840 3091 1019 3172 accipiamus
1040 3091 1072 3153 in
1095 3088 1222 3164 iudicio;

123 3206 221 3290 gratia
251 3206 344 3286 absit,
375 3225 485 3270 causae
514 3206 619 3269 merita
649 3204 819 3268 decernant.
863 3204 943 3267 Nihil
968 3205 1013 3268 sic
1041 3203 1221 3285 opinionem,

121 3321 212 3382 immo
242 3319 330 3382 fidem
358 3326 480 3404 gravat,
512 3339 599 3401 quam
628 3319 654 3380 si
683 3319 712 3380 in
744 3317 901 3381 iudicando
935 3317 1096 3400 potentiori
1125 3315 1221 3379 dones

121 3451 242 3498 causam
263 3432 430 3513 inferioris,
462 3433 513 3496 vel
534 3449 696 3515 pauperem
724 3431 913 3494 innocentem
943 3448 1070 3514 arguas,
1101 3429 1221 3493 divitem

122 3565 254 3611 excuses
287 3565 371 3611 reum
403 3547 516 3629 eulpae.
562 3548 690 3611 Pronum
723 3546 832 3627 quippe
866 3549 912 3606 est
941 3561 1039 3628 genus
1071 3544 1221 3608 bominum

122 3661 509 3743 iaverebonoratioribus,
532 3680 570 3725 ne
590 3662 691 3725 laesos
711 3677 780 3724 sese
798 3665 914 3742 putent,
937 3678 977 3722 ne
998 3660 1070 3722 victi
1092 3658 1220 3723 doleant.

121 3774 183 3840 Sed
204 3777 330 3858 primum
345 3777 370 3839 si
386 3774 530 3839 offensam
551 3775 686 3855 vereris,
709 3793 769 3838 non
791 3774 919 3855 recipias
941 3773 1079 3837 iudicium
1084 3793 1095 3850 3
1118 3772 1144 3835 si
1166 3787 1221 3835 sa·-

123 3888 233 3952 cerdos
265 3906 299 3952 es
327 3895 378 3952 aut
408 3891 433 3953 si
465 3890 618 3971 quisquam
651 3889 745 3969 alius,
768 3907 840 3967 ¹non
871 3888 1011 3951 lacessas.
1055 3887 1139 3950 bloet
1167 3883 1220 3947 tibi

122 4003 215 4065 silere
245 4003 277 4065 in
306 4005 430 4086 negotio
466 4004 617 4067 dumtaxat
649 4003 837 4085 pecuniario,
871 4019 1046 4084 quamquam
1075 4000 1114 4063 sit
1141 4017 1219 4063 oon-

124 4117 251 4181 stantiae
282 4116 390 4182 adesse
424 4118 572 4199 aequitati.
628 4117 660 4179 ln
694 4136 783 4182 eausa
816 4123 912 4182 autem
946 4116 1013 4196 dei,
1050 4115 1101 4178 ubi
1131 4131 1218 4179 oom-

934 4226 971 4294 11
987 4229 1007 4268 ⁴*
