<?xml version="1.0" encoding="UTF-8"?>
<!DOCTYPE html PUBLIC "-//W3C//DTD XHTML 1.0 Transitional//EN"
    "http://www.w3.org/TR/xhtml1/DTD/xhtml1-transitional.dtd">
<html xmlns="http://www.w3.org/1999/xhtml" xml:lang="en" lang="en">
 <head>
  <title>
</title>
<meta http-equiv="Content-Type" content="text/html;charset=utf-8" />
  <meta name='ocr-system' content='tesseract 3.04.00' />
  <meta name='ocr-capabilities' content='ocr_page ocr_carea ocr_par ocr_line ocrx_word'/>
</head>
<body>
  <div class='ocr_page' id='page_1' title='image "./deofficiisminis00krabgoog_0169.png"; bbox 0 0 2692 4666; ppageno 0'>
   <div class='ocr_carea' id='block_1_1' title="bbox 148 278 798 351">
    <p class='ocr_par' dir='ltr' id='par_1_1' title="bbox 148 278 798 351">
     <span class='ocr_line' id='line_1_1' title="bbox 148 278 798 351; baseline -0.002 -17"><span class='ocrx_word' id='word_1_1' title='bbox 148 285 211 351; x_wconf 81' lang='lat'>152</span> <span class='ocrx_word' id='word_1_2' title='bbox 599 278 798 335; x_wconf 70' lang='lat' dir='ltr'>mmmmm</span> 
     </span>
    </p>
   </div>
   <div class='ocr_carea' id='block_1_2' title="bbox 145 416 1273 858">
    <p class='ocr_par' dir='ltr' id='par_1_2' title="bbox 145 416 1273 858">
     <span class='ocr_line' id='line_1_2' title="bbox 145 416 1249 521; baseline 0.002 -17"><span class='ocrx_word' id='word_1_3' title='bbox 145 439 345 521; x_wconf 70' lang='lat' dir='ltr'>Honorifieua</span> <span class='ocrx_word' id='word_1_4' title='bbox 366 441 449 505; x_wconf 80' lang='lat' dir='ltr'>ieter</span> <span class='ocrx_word' id='word_1_5' title='bbox 469 439 590 520; x_wconf 73' lang='lat' dir='ltr'>fratrea</span> <span class='ocrx_word' id='word_1_6' title='bbox 612 458 698 504; x_wconf 80' lang='lat' dir='ltr'>snos.</span> <span class='ocrx_word' id='word_1_7' title='bbox 741 439 921 505; x_wconf 75' lang='lat' dir='ltr'>Primitivus</span> <span class='ocrx_word' id='word_1_8' title='bbox 929 416 1029 505; x_wconf 64' lang='lat' dir='ltr'>&#39;taum</span> <span class='ocrx_word' id='word_1_9' title='bbox 1050 440 1145 504; x_wconf 72' lang='lat' dir='ltr'>dem</span> <span class='ocrx_word' id='word_1_10' title='bbox 1169 442 1249 521; x_wconf 76' lang='lat' dir='ltr'>eleo,</span> 
     </span>
     <span class='ocr_line' id='line_1_3' title="bbox 147 554 1273 640; baseline -0.001 -22"><span class='ocrx_word' id='word_1_11' title='bbox 147 570 267 619; x_wconf 76' lang='lat' dir='ltr'>corano</span> <span class='ocrx_word' id='word_1_12' title='bbox 288 555 459 640; x_wconf 76' lang='lat' dir='ltr'>unicornui</span> <span class='ocrx_word' id='word_1_13' title='bbox 489 574 610 619; x_wconf 81' lang='lat' dir='ltr'>cereae</span> <span class='ocrx_word' id='word_1_14' title='bbox 640 555 752 634; x_wconf 79' lang='lat' dir='ltr'>ipsios.</span> <span class='ocrx_word' id='word_1_15' title='bbox 795 554 834 618; x_wconf 77' lang='lat' dir='ltr'>Io</span> <span class='ocrx_word' id='word_1_16' title='bbox 856 556 936 635; x_wconf 79' lang='lat' dir='ltr'>ipsis</span> <span class='ocrx_word' id='word_1_17' title='bbox 958 563 1064 637; x_wconf 66' lang='lat' dir='ltr'>aetites</span> <span class='ocrx_word' id='word_1_18' title='bbox 1085 555 1273 635; x_wconf 39' lang='lat' dir='ltr'>ventilabit,</span> 
     </span>
     <span class='ocr_line' id='line_1_4' title="bbox 145 663 1252 748; baseline -0.003 -17"><span class='ocrx_word' id='word_1_19' title='bbox 145 667 348 748; x_wconf 63' lang='lat' dir='ltr'>semotusque</span> <span class='ocrx_word' id='word_1_20' title='bbox 364 667 407 729; x_wconf 80' lang='lat' dir='ltr'>ad</span> <span class='ocrx_word' id='word_1_21' title='bbox 420 672 589 729; x_wconf 72' lang='lat' dir='ltr'>extremam</span> <span class='ocrx_word' id='word_1_22' title='bbox 611 674 724 728; x_wconf 84' lang='lat' dir='ltr'>terrae.</span> <span class='ocrx_word' id='word_1_23' title='bbox 767 663 835 744; x_wconf 80' lang='lat' dir='ltr'>Ipsi</span> <span class='ocrx_word' id='word_1_24' title='bbox 856 667 960 729; x_wconf 85' lang='lat' dir='ltr'>decem</span> <span class='ocrx_word' id='word_1_25' title='bbox 981 665 1071 728; x_wconf 83' lang='lat' dir='ltr'>milia</span> <span class='ocrx_word' id='word_1_26' title='bbox 1092 664 1252 746; x_wconf 68' lang='lat' dir='ltr'>optram</span> 
     </span>
     <span class='ocr_line' id='line_1_5' title="bbox 148 778 630 858; baseline 0 -17"><span class='ocrx_word' id='word_1_27' title='bbox 148 787 179 841; x_wconf 88' lang='lat' dir='ltr'>et</span> <span class='ocrx_word' id='word_1_28' title='bbox 200 779 264 858; x_wconf 80' lang='lat' dir='ltr'>ipsi</span> <span class='ocrx_word' id='word_1_29' title='bbox 285 778 374 841; x_wconf 83' lang='lat' dir='ltr'>milia</span> <span class='ocrx_word' id='word_1_30' title='bbox 394 778 566 841; x_wconf 77' lang='lat' dir='ltr'>Monaeses.</span> <span class='ocrx_word' id='word_1_31' title='bbox 627 814 630 821; x_wconf 95' lang='lat'>·</span> 
     </span>
    </p>
   </div>
   <div class='ocr_carea' id='block_1_3' title="bbox 539 940 928 1040">
    <p class='ocr_par' dir='ltr' id='par_1_3' title="bbox 539 940 928 1040">
     <span class='ocr_line' id='line_1_6' title="bbox 539 940 928 1040; baseline -0.008 0"><span class='ocrx_word' id='word_1_32' title='bbox 539 972 715 1040; x_wconf 78' lang='lat' dir='ltr'>onnon</span> <span class='ocrx_word' id='word_1_33' title='bbox 749 970 882 1040; x_wconf 61' lang='lat' dir='ltr'>nvn:-</span> <span class='ocrx_word' id='word_1_34' title='bbox 926 940 928 944; x_wconf 61' lang='lat'><em>&#39;</em></span> 
     </span>
    </p>
   </div>
   <div class='ocr_carea' id='block_1_4' title="bbox 149 1117 1253 1273">
    <p class='ocr_par' dir='ltr' id='par_1_4' title="bbox 149 1117 1253 1273">
     <span class='ocr_line' id='line_1_7' title="bbox 149 1117 1253 1188; baseline -0.001 -14"><span class='ocrx_word' id='word_1_35' title='bbox 149 1120 217 1187; x_wconf 77' lang='lat' dir='ltr'>Quab</span> <span class='ocrx_word' id='word_1_36' title='bbox 234 1121 341 1175; x_wconf 82' lang='lat' dir='ltr'>virtutes</span> <span class='ocrx_word' id='word_1_37' title='bbox 359 1123 386 1173; x_wconf 90' lang='lat' dir='ltr'>in</span> <span class='ocrx_word' id='word_1_38' title='bbox 405 1134 452 1186; x_wconf 88' lang='lat' dir='ltr'>eo,</span> <span class='ocrx_word' id='word_1_39' title='bbox 480 1133 556 1188; x_wconf 86' lang='lat' dir='ltr'>quem</span> <span class='ocrx_word' id='word_1_40' title='bbox 583 1117 759 1183; x_wconf 63' lang='lat' dir='ltr'>consulamur,</span> <span class='ocrx_word' id='word_1_41' title='bbox 788 1118 874 1170; x_wconf 80' lang='lat' dir='ltr'>inemo</span> <span class='ocrx_word' id='word_1_42' title='bbox 900 1123 1019 1184; x_wconf 82' lang='lat' dir='ltr'>oporteat</span> <span class='ocrx_word' id='word_1_43' title='bbox 1038 1123 1064 1169; x_wconf 86' lang='lat' dir='ltr'>et</span> <span class='ocrx_word' id='word_1_44' title='bbox 1083 1133 1132 1186; x_wconf 85' lang='lat' dir='ltr'>qua</span> <span class='ocrx_word' id='word_1_45' title='bbox 1151 1119 1253 1173; x_wconf 84' lang='lat' dir='ltr'>ratione</span> 
     </span>
     <span class='ocr_line' id='line_1_8' title="bbox 410 1204 989 1273; baseline -0.007 -14"><span class='ocrx_word' id='word_1_46' title='bbox 410 1207 500 1261; x_wconf 83' lang='lat' dir='ltr'>iisdem</span> <span class='ocrx_word' id='word_1_47' title='bbox 518 1205 611 1273; x_wconf 81' lang='lat' dir='ltr'>loseph</span> <span class='ocrx_word' id='word_1_48' title='bbox 629 1221 659 1257; x_wconf 87' lang='lat' dir='ltr'>ae</span> <span class='ocrx_word' id='word_1_49' title='bbox 678 1204 770 1257; x_wconf 81' lang='lat' dir='ltr'>Paulus</span> <span class='ocrx_word' id='word_1_50' title='bbox 789 1206 869 1257; x_wconf 87' lang='lat' dir='ltr'>ornati</span> <span class='ocrx_word' id='word_1_51' title='bbox 887 1204 989 1256; x_wconf 88' lang='lat' dir='ltr'>luerint.</span> 
     </span>
    </p>
   </div>
   <div class='ocr_carea' id='block_1_5' title="bbox 149 1332 1255 1848">
    <p class='ocr_par' dir='ltr' id='par_1_5' title="bbox 149 1332 1255 1848">
     <span class='ocr_line' id='line_1_9' title="bbox 235 1332 1255 1420; baseline -0.008 -14"><span class='ocrx_word' id='word_1_52' title='bbox 235 1338 287 1406; x_wconf 92' lang='grc'>86.</span> <span class='ocrx_word' id='word_1_53' title='bbox 333 1340 413 1403; x_wconf 84' lang='lat' dir='ltr'>Talis</span> <span class='ocrx_word' id='word_1_54' title='bbox 436 1339 536 1420; x_wconf 83' lang='lat' dir='ltr'>itaque</span> <span class='ocrx_word' id='word_1_55' title='bbox 560 1337 648 1400; x_wconf 89' lang='lat' dir='ltr'>debet</span> <span class='ocrx_word' id='word_1_56' title='bbox 671 1353 741 1400; x_wconf 87' lang='lat' dir='ltr'>esse</span> <span class='ocrx_word' id='word_1_57' title='bbox 763 1339 814 1418; x_wconf 88' lang='lat' dir='ltr'>qui</span> <span class='ocrx_word' id='word_1_58' title='bbox 837 1336 993 1400; x_wconf 90' lang='lat' dir='ltr'>eonsilium</span> <span class='ocrx_word' id='word_1_59' title='bbox 1018 1335 1103 1397; x_wconf 85' lang='lat' dir='ltr'>alteri</span> <span class='ocrx_word' id='word_1_60' title='bbox 1124 1332 1193 1415; x_wconf 86' lang='lat' dir='ltr'>dat,</span> <span class='ocrx_word' id='word_1_61' title='bbox 1222 1342 1255 1398; x_wconf 88' lang='lat' dir='ltr'>ut</span> 
     </span>
     <span class='ocr_line' id='line_1_10' title="bbox 149 1447 1254 1534; baseline -0.005 -19"><span class='ocrx_word' id='word_1_62' title='bbox 149 1470 184 1515; x_wconf 91' lang='lat' dir='ltr'>se</span> <span class='ocrx_word' id='word_1_63' title='bbox 199 1452 295 1534; x_wconf 89' lang='lat' dir='ltr'>ipsum</span> <span class='ocrx_word' id='word_1_64' title='bbox 318 1450 445 1515; x_wconf 80' lang='lat' dir='ltr'>formam</span> <span class='ocrx_word' id='word_1_65' title='bbox 467 1449 531 1512; x_wconf 87' lang='lat' dir='ltr'>aliis</span> <span class='ocrx_word' id='word_1_66' title='bbox 546 1447 688 1529; x_wconf 86' lang='lat' dir='ltr'>praebeat</span> <span class='ocrx_word' id='word_1_67' title='bbox 703 1447 740 1509; x_wconf 87' lang='lat' dir='ltr'>ad</span> <span class='ocrx_word' id='word_1_68' title='bbox 756 1447 926 1528; x_wconf 84' lang='lat' dir='ltr'>exemplum</span> <span class='ocrx_word' id='word_1_69' title='bbox 948 1448 1094 1510; x_wconf 88' lang='lat' dir='ltr'>bonorum</span> <span class='ocrx_word' id='word_1_70' title='bbox 1117 1464 1254 1528; x_wconf 85' lang='lat' dir='ltr'>operum,</span> 
     </span>
     <span class='ocr_line' id='line_1_11' title="bbox 149 1560 1255 1644; baseline -0.003 -17"><span class='ocrx_word' id='word_1_71' title='bbox 149 1564 180 1627; x_wconf 91' lang='lat' dir='ltr'>in</span> <span class='ocrx_word' id='word_1_72' title='bbox 203 1563 355 1644; x_wconf 78' lang='lat' dir='ltr'>doctrina,</span> <span class='ocrx_word' id='word_1_73' title='bbox 378 1564 409 1625; x_wconf 95' lang='lat' dir='ltr'>in</span> <span class='ocrx_word' id='word_1_74' title='bbox 431 1561 617 1644; x_wconf 85' lang='lat' dir='ltr'>integritate,</span> <span class='ocrx_word' id='word_1_75' title='bbox 640 1563 669 1622; x_wconf 92' lang='lat' dir='ltr'>in</span> <span class='ocrx_word' id='word_1_76' title='bbox 693 1560 855 1644; x_wconf 83' lang='lat' dir='ltr'>gravitate,</span> <span class='ocrx_word' id='word_1_77' title='bbox 877 1565 911 1623; x_wconf 88' lang='lat' dir='ltr'>nt</span> <span class='ocrx_word' id='word_1_78' title='bbox 930 1560 971 1625; x_wconf 84' lang='lat' dir='ltr'>sit</span> <span class='ocrx_word' id='word_1_79' title='bbox 990 1561 1055 1623; x_wconf 86' lang='lat' dir='ltr'>eius</span> <span class='ocrx_word' id='word_1_80' title='bbox 1076 1577 1178 1623; x_wconf 86' lang='lat' dir='ltr'>sermo</span> <span class='ocrx_word' id='word_1_81' title='bbox 1200 1577 1255 1624; x_wconf 86' lang='lat' dir='ltr'>sa-</span> 
     </span>
     <span class='ocr_line' id='line_1_12' title="bbox 149 1671 1254 1754; baseline -0.002 -17"><span class='ocrx_word' id='word_1_82' title='bbox 149 1673 242 1737; x_wconf 87' lang='lat' dir='ltr'>lubris</span> <span class='ocrx_word' id='word_1_83' title='bbox 271 1679 359 1754; x_wconf 86' lang='lat' dir='ltr'>atque</span> <span class='ocrx_word' id='word_1_84' title='bbox 387 1671 679 1754; x_wconf 86' lang='lat' dir='ltr'>inreprehensibilis,</span> <span class='ocrx_word' id='word_1_85' title='bbox 713 1672 869 1735; x_wconf 86' lang='lat' dir='ltr'>eonsilium</span> <span class='ocrx_word' id='word_1_86' title='bbox 900 1672 989 1751; x_wconf 91' lang='lat' dir='ltr'>utile,</span> <span class='ocrx_word' id='word_1_87' title='bbox 1022 1673 1082 1734; x_wconf 88' lang='lat' dir='ltr'>vita</span> <span class='ocrx_word' id='word_1_88' title='bbox 1112 1672 1254 1752; x_wconf 85' lang='lat' dir='ltr'>honesta,</span> 
     </span>
     <span class='ocr_line' id='line_1_13' title="bbox 150 1784 435 1848; baseline -0.007 0"><span class='ocrx_word' id='word_1_89' title='bbox 150 1785 299 1848; x_wconf 89' lang='lat' dir='ltr'>sententia</span> <span class='ocrx_word' id='word_1_90' title='bbox 315 1784 435 1847; x_wconf 89' lang='lat' dir='ltr'>decora.</span> 
     </span>
    </p>
   </div>
   <div class='ocr_carea' id='block_1_6' title="bbox 152 1895 1258 2321">
    <p class='ocr_par' dir='ltr' id='par_1_6' title="bbox 152 1895 1258 2321">
     <span class='ocr_line' id='line_1_14' title="bbox 239 1895 1255 1981; baseline -0.001 -20"><span class='ocrx_word' id='word_1_91' title='bbox 239 1895 291 1961; x_wconf 83' lang='grc'>87.</span> <span class='ocrx_word' id='word_1_92' title='bbox 337 1897 416 1961; x_wconf 80' lang='lat' dir='ltr'>&#39;l&#39;alis</span> <span class='ocrx_word' id='word_1_93' title='bbox 447 1905 511 1960; x_wconf 87' lang='lat' dir='ltr'>erat</span> <span class='ocrx_word' id='word_1_94' title='bbox 533 1898 659 1979; x_wconf 76' lang='lat' dir='ltr'>Paulus,</span> <span class='ocrx_word' id='word_1_95' title='bbox 693 1900 745 1981; x_wconf 84' lang='lat' dir='ltr'>qui</span> <span class='ocrx_word' id='word_1_96' title='bbox 773 1900 928 1963; x_wconf 89' lang='lat' dir='ltr'>eonsilium</span> <span class='ocrx_word' id='word_1_97' title='bbox 959 1899 1046 1961; x_wconf 85' lang='lat' dir='ltr'>dabat</span> <span class='ocrx_word' id='word_1_98' title='bbox 1076 1896 1255 1979; x_wconf 80' lang='lat' dir='ltr'>virginibus,</span> 
     </span>
     <span class='ocr_line' id='line_1_15' title="bbox 153 2004 1256 2092; baseline 0.002 -21"><span class='ocrx_word' id='word_1_99' title='bbox 153 2007 357 2092; x_wconf 84' lang='lat' dir='ltr'>magisterium</span> <span class='ocrx_word' id='word_1_100' title='bbox 380 2007 603 2089; x_wconf 85' lang='lat' dir='ltr'>sacerdotibus,</span> <span class='ocrx_word' id='word_1_101' title='bbox 620 2004 652 2092; x_wconf 89' lang='lat'>¹)</span> <span class='ocrx_word' id='word_1_102' title='bbox 673 2015 706 2072; x_wconf 86' lang='lat' dir='ltr'>ul</span> <span class='ocrx_word' id='word_1_103' title='bbox 728 2008 824 2090; x_wconf 91' lang='lat' dir='ltr'>primo</span> <span class='ocrx_word' id='word_1_104' title='bbox 845 2026 879 2071; x_wconf 92' lang='lat' dir='ltr'>se</span> <span class='ocrx_word' id='word_1_105' title='bbox 901 2010 996 2091; x_wconf 90' lang='lat' dir='ltr'>ipsum</span> <span class='ocrx_word' id='word_1_106' title='bbox 1018 2011 1106 2074; x_wconf 90' lang='lat' dir='ltr'>nobis</span> <span class='ocrx_word' id='word_1_107' title='bbox 1129 2009 1256 2073; x_wconf 87' lang='lat' dir='ltr'>formam</span> 
     </span>
     <span class='ocr_line' id='line_1_16' title="bbox 152 2120 1258 2204; baseline 0.002 -21"><span class='ocrx_word' id='word_1_108' title='bbox 152 2121 313 2204; x_wconf 86' lang='lat' dir='ltr'>praeberet</span> <span class='ocrx_word' id='word_1_109' title='bbox 338 2120 375 2182; x_wconf 89' lang='lat' dir='ltr'>ad</span> <span class='ocrx_word' id='word_1_110' title='bbox 402 2120 582 2185; x_wconf 73' lang='lat' dir='ltr'>imitandum,</span> <span class='ocrx_word' id='word_1_111' title='bbox 626 2121 699 2183; x_wconf 90' lang='lat' dir='ltr'>ldeo</span> <span class='ocrx_word' id='word_1_112' title='bbox 729 2121 876 2184; x_wconf 88' lang='lat' dir='ltr'>humiliari</span> <span class='ocrx_word' id='word_1_113' title='bbox 899 2123 1027 2202; x_wconf 89' lang='lat' dir='ltr'>sciebat,</span> <span class='ocrx_word' id='word_1_114' title='bbox 1062 2125 1139 2186; x_wconf 88' lang='lat' dir='ltr'>sieut</span> <span class='ocrx_word' id='word_1_115' title='bbox 1169 2123 1258 2187; x_wconf 89' lang='lat' dir='ltr'>seivit</span> 
     </span>
     <span class='ocr_line' id='line_1_17' title="bbox 153 2233 1258 2321; baseline 0.002 -25"><span class='ocrx_word' id='word_1_116' title='bbox 153 2241 191 2321; x_wconf 84' lang='lat' dir='ltr'>et</span> <span class='ocrx_word' id='word_1_117' title='bbox 205 2233 328 2315; x_wconf 81' lang='lat' dir='ltr'>loseph,</span> <span class='ocrx_word' id='word_1_118' title='bbox 351 2234 402 2312; x_wconf 89' lang='lat' dir='ltr'>qui</span> <span class='ocrx_word' id='word_1_119' title='bbox 424 2251 539 2296; x_wconf 87' lang='lat' dir='ltr'>summo</span> <span class='ocrx_word' id='word_1_120' title='bbox 562 2240 646 2297; x_wconf 89' lang='lat' dir='ltr'>ortus</span> <span class='ocrx_word' id='word_1_121' title='bbox 668 2235 903 2315; x_wconf 81' lang='lat' dir='ltr'>patriarcharum</span> <span class='ocrx_word' id='word_1_122' title='bbox 926 2253 1059 2318; x_wconf 80' lang='lat' dir='ltr'>genere,</span> <span class='ocrx_word' id='word_1_123' title='bbox 1081 2253 1143 2299; x_wconf 90' lang='lat' dir='ltr'>non</span> <span class='ocrx_word' id='word_1_124' title='bbox 1167 2233 1258 2298; x_wconf 87' lang='lat' dir='ltr'>dedi·</span> 
     </span>
    </p>
   </div>
   <div class='ocr_carea' id='block_1_7' title="bbox 153 2345 1264 3890">
    <p class='ocr_par' dir='ltr' id='par_1_7' title="bbox 153 2345 1263 3553">
     <span class='ocr_line' id='line_1_18' title="bbox 153 2345 1259 2430; baseline 0 -21"><span class='ocrx_word' id='word_1_125' title='bbox 153 2352 262 2430; x_wconf 80' lang='lat' dir='ltr'>gnatus</span> <span class='ocrx_word' id='word_1_126' title='bbox 286 2345 467 2428; x_wconf 83' lang='lat' dir='ltr'>degenerem</span> <span class='ocrx_word' id='word_1_127' title='bbox 492 2346 684 2423; x_wconf 85' lang='lat' dir='ltr'>servitutem,</span> <span class='ocrx_word' id='word_1_128' title='bbox 712 2345 873 2408; x_wconf 76' lang='lat' dir='ltr'>exhibebat</span> <span class='ocrx_word' id='word_1_129' title='bbox 895 2363 960 2409; x_wconf 87' lang='lat' dir='ltr'>eam</span> <span class='ocrx_word' id='word_1_130' title='bbox 975 2345 1154 2426; x_wconf 84' lang='lat' dir='ltr'>obsequiis,</span> <span class='ocrx_word' id='word_1_131' title='bbox 1177 2345 1259 2409; x_wconf 90' lang='lat' dir='ltr'>inlu·</span> 
     </span>
     <span class='ocr_line' id='line_1_19' title="bbox 153 2453 1259 2539; baseline 0.001 -19"><span class='ocrx_word' id='word_1_132' title='bbox 153 2457 265 2521; x_wconf 87' lang='lat' dir='ltr'>strabat</span> <span class='ocrx_word' id='word_1_133' title='bbox 277 2455 454 2519; x_wconf 20' lang='lat' dir='ltr'>,virtutibus</span> <span class='ocrx_word' id='word_1_134' title='bbox 500 2454 592 2520; x_wconf 89' lang='lat' dir='ltr'>Seivit</span> <span class='ocrx_word' id='word_1_135' title='bbox 606 2454 763 2535; x_wconf 86' lang='lat' dir='ltr'>humihari,</span> <span class='ocrx_word' id='word_1_136' title='bbox 788 2456 884 2536; x_wconf 89' lang='lat' dir='ltr'>quiet</span> <span class='ocrx_word' id='word_1_137' title='bbox 899 2453 1074 2520; x_wconf 76' lang='lat' dir='ltr'>venditores</span> <span class='ocrx_word' id='word_1_138' title='bbox 1090 2463 1122 2519; x_wconf 89' lang='lat' dir='ltr'>el</span> <span class='ocrx_word' id='word_1_139' title='bbox 1137 2463 1259 2539; x_wconf 86' lang='lat' dir='ltr'>empto·</span> 
     </span>
     <span class='ocr_line' id='line_1_20' title="bbox 154 2567 1261 2651; baseline 0 -18"><span class='ocrx_word' id='word_1_140' title='bbox 154 2587 218 2633; x_wconf 90' lang='lat' dir='ltr'>rem</span> <span class='ocrx_word' id='word_1_141' title='bbox 240 2586 347 2651; x_wconf 85' lang='lat' dir='ltr'>passus</span> <span class='ocrx_word' id='word_1_142' title='bbox 370 2575 416 2630; x_wconf 90' lang='lat' dir='ltr'>est</span> <span class='ocrx_word' id='word_1_143' title='bbox 435 2574 465 2629; x_wconf 87' lang='lat' dir='ltr'>et</span> <span class='ocrx_word' id='word_1_144' title='bbox 481 2567 631 2631; x_wconf 87' lang='lat' dir='ltr'>dominum</span> <span class='ocrx_word' id='word_1_145' title='bbox 655 2568 820 2650; x_wconf 81' lang='lat' dir='ltr'>appellabat</span> <span class='ocrx_word' id='word_1_146' title='bbox 843 2586 920 2631; x_wconf 91' lang='lat' dir='ltr'>eum.</span> <span class='ocrx_word' id='word_1_147' title='bbox 957 2568 1036 2632; x_wconf 80' lang='lat' dir='ltr'>nudi</span> <span class='ocrx_word' id='word_1_148' title='bbox 1058 2568 1261 2633; x_wconf 74' lang='lat' dir='ltr'>humiliantem</span> 
     </span>
     <span class='ocr_line' id='line_1_21' title="bbox 155 2679 1261 2766; baseline 0 -21"><span class='ocrx_word' id='word_1_149' title='bbox 155 2698 208 2745; x_wconf 86' lang='lat' dir='ltr'>se:</span> <span class='ocrx_word' id='word_1_150' title='bbox 225 2679 259 2766; x_wconf 74' lang='lat'>²)</span> <span class='ocrx_word' id='word_1_151' title='bbox 283 2681 318 2743; x_wconf 82' lang='lat' dir='ltr'>Si</span> <span class='ocrx_word' id='word_1_152' title='bbox 341 2682 488 2745; x_wconf 77' lang='lat' dir='ltr'>dominun</span> <span class='ocrx_word' id='word_1_153' title='bbox 508 2701 593 2744; x_wconf 83' lang='lat' dir='ltr'>mens</span> <span class='ocrx_word' id='word_1_154' title='bbox 623 2689 755 2760; x_wconf 81' lang='lat' dir='ltr'>propter</span> <span class='ocrx_word' id='word_1_155' title='bbox 777 2701 823 2744; x_wconf 87' lang='lat' dir='ltr'>me</span> <span class='ocrx_word' id='word_1_156' title='bbox 845 2682 925 2745; x_wconf 79' lang='lat' dir='ltr'>nibil</span> <span class='ocrx_word' id='word_1_157' title='bbox 946 2682 1007 2744; x_wconf 81' lang='lat' dir='ltr'>seit</span> <span class='ocrx_word' id='word_1_158' title='bbox 1028 2684 1063 2744; x_wconf 81' lang='lat' dir='ltr'>in</span> <span class='ocrx_word' id='word_1_159' title='bbox 1084 2682 1177 2746; x_wconf 86' lang='lat' dir='ltr'>domo</span> <span class='ocrx_word' id='word_1_160' title='bbox 1199 2701 1261 2745; x_wconf 80' lang='lat' dir='ltr'>sua</span> 
     </span>
     <span class='ocr_line' id='line_1_22' title="bbox 155 2794 1262 2876; baseline 0.002 -20"><span class='ocrx_word' id='word_1_161' title='bbox 155 2802 187 2856; x_wconf 86' lang='lat' dir='ltr'>et</span> <span class='ocrx_word' id='word_1_162' title='bbox 208 2795 329 2872; x_wconf 83' lang='lat' dir='ltr'>omnia,</span> <span class='ocrx_word' id='word_1_163' title='bbox 363 2812 572 2875; x_wconf 77' lang='lat' dir='ltr'>quoecumque</span> <span class='ocrx_word' id='word_1_164' title='bbox 593 2794 701 2872; x_wconf 79' lang='lat' dir='ltr'>tabet,</span> <span class='ocrx_word' id='word_1_165' title='bbox 726 2795 869 2857; x_wconf 81' lang='lat' dir='ltr'>deditio</span> <span class='ocrx_word' id='word_1_166' title='bbox 889 2814 1001 2859; x_wconf 80' lang='lat' dir='ltr'>meaos</span> <span class='ocrx_word' id='word_1_167' title='bbox 1026 2813 1130 2872; x_wconf 79' lang='lat' dir='ltr'>meas,</span> <span class='ocrx_word' id='word_1_168' title='bbox 1160 2813 1262 2876; x_wconf 78' lang='lat' dir='ltr'>aeque</span> 
     </span>
     <span class='ocr_line' id='line_1_23' title="bbox 155 2903 1262 2987; baseline 0.002 -20"><span class='ocrx_word' id='word_1_169' title='bbox 155 2903 346 2967; x_wconf 74' lang='lat' dir='ltr'>subtractum</span> <span class='ocrx_word' id='word_1_170' title='bbox 369 2914 416 2967; x_wconf 80' lang='lat' dir='ltr'>est</span> <span class='ocrx_word' id='word_1_171' title='bbox 438 2925 459 2967; x_wconf 89' lang='lat' dir='ltr'><strong><em>a</em></strong></span> <span class='ocrx_word' id='word_1_172' title='bbox 480 2924 527 2968; x_wconf 85' lang='lat' dir='ltr'>me</span> <span class='ocrx_word' id='word_1_173' title='bbox 548 2906 715 2986; x_wconf 77' lang='lat' dir='ltr'>quiequam</span> <span class='ocrx_word' id='word_1_174' title='bbox 733 2914 863 2985; x_wconf 82' lang='lat' dir='ltr'>praeter</span> <span class='ocrx_word' id='word_1_175' title='bbox 886 2915 930 2984; x_wconf 89' lang='lat' dir='ltr'>te,</span> <span class='ocrx_word' id='word_1_176' title='bbox 966 2909 1042 2987; x_wconf 78' lang='lat' dir='ltr'>quia</span> <span class='ocrx_word' id='word_1_177' title='bbox 1063 2927 1149 2971; x_wconf 74' lang='lat' dir='ltr'>amor</span> <span class='ocrx_word' id='word_1_178' title='bbox 1171 2908 1262 2969; x_wconf 79' lang='lat' dir='ltr'>illias</span> 
     </span>
     <span class='ocr_line' id='line_1_24' title="bbox 156 3015 1263 3100; baseline 0.003 -21"><span class='ocrx_word' id='word_1_179' title='bbox 156 3035 206 3079; x_wconf 82' lang='lat' dir='ltr'>ea:</span> <span class='ocrx_word' id='word_1_180' title='bbox 228 3016 381 3097; x_wconf 79' lang='lat' dir='ltr'>quomode</span> <span class='ocrx_word' id='word_1_181' title='bbox 402 3015 523 3094; x_wconf 76' lang='lat' dir='ltr'>faciam</span> <span class='ocrx_word' id='word_1_182' title='bbox 544 3016 671 3078; x_wconf 78' lang='lat' dir='ltr'>verbam</span> <span class='ocrx_word' id='word_1_183' title='bbox 692 3017 807 3080; x_wconf 80' lang='lat' dir='ltr'>melam</span> <span class='ocrx_word' id='word_1_184' title='bbox 828 3017 908 3095; x_wconf 87' lang='lat' dir='ltr'>hoe,</span> <span class='ocrx_word' id='word_1_185' title='bbox 938 3026 968 3080; x_wconf 88' lang='lat' dir='ltr'>et</span> <span class='ocrx_word' id='word_1_186' title='bbox 983 3019 1122 3100; x_wconf 77' lang='lat' dir='ltr'>peccabo</span> <span class='ocrx_word' id='word_1_187' title='bbox 1156 3037 1263 3082; x_wconf 83' lang='lat' dir='ltr'>eoram</span> 
     </span>
     <span class='ocr_line' id='line_1_25' title="bbox 157 3128 1263 3211; baseline 0.003 -17"><span class='ocrx_word' id='word_1_188' title='bbox 157 3131 241 3194; x_wconf 81' lang='lat' dir='ltr'>deo?</span> <span class='ocrx_word' id='word_1_189' title='bbox 284 3128 374 3192; x_wconf 87' lang='lat' dir='ltr'>Plena</span> <span class='ocrx_word' id='word_1_190' title='bbox 407 3146 468 3192; x_wconf 83' lang='lat' dir='ltr'>vox</span> <span class='ocrx_word' id='word_1_191' title='bbox 499 3129 687 3209; x_wconf 82' lang='lat' dir='ltr'>humilitatis,</span> <span class='ocrx_word' id='word_1_192' title='bbox 717 3130 806 3211; x_wconf 86' lang='lat' dir='ltr'>plena</span> <span class='ocrx_word' id='word_1_193' title='bbox 838 3131 1047 3195; x_wconf 78' lang='lat' dir='ltr'>castimoniae:</span> <span class='ocrx_word' id='word_1_194' title='bbox 1080 3131 1263 3211; x_wconf 84' lang='lat' dir='ltr'>humilitatis,</span> 
     </span>
     <span class='ocr_line' id='line_1_26' title="bbox 157 3219 1262 3328; baseline 0.003 -21"><span class='ocrx_word' id='word_1_195' title='bbox 157 3242 227 3325; x_wconf 91' lang='lat' dir='ltr'>quia</span> <span class='ocrx_word' id='word_1_196' title='bbox 250 3242 370 3306; x_wconf 92' lang='lat' dir='ltr'>domino</span> <span class='ocrx_word' id='word_1_197' title='bbox 388 3240 566 3318; x_wconf 80' lang='lat' dir='ltr'>‚deferebat3</span> <span class='ocrx_word' id='word_1_198' title='bbox 588 3240 844 3322; x_wconf 83' lang='lat' dir='ltr'>honorificentiae,</span> <span class='ocrx_word' id='word_1_199' title='bbox 867 3243 936 3323; x_wconf 88' lang='lat' dir='ltr'>quia</span> <span class='ocrx_word' id='word_1_200' title='bbox 951 3219 1103 3306; x_wconf 86' lang='lat' dir='ltr'>referebat</span> <span class='ocrx_word' id='word_1_201' title='bbox 1120 3245 1262 3328; x_wconf 68' lang='lat' dir='ltr'>gratiam</span> 
     </span>
     <span class='ocr_line' id='line_1_27' title="bbox 157 3355 1263 3440; baseline 0.002 -20"><span class='ocrx_word' id='word_1_202' title='bbox 157 3357 247 3438; x_wconf 84' lang='lat' dir='ltr'>piena</span> <span class='ocrx_word' id='word_1_203' title='bbox 269 3374 392 3438; x_wconf 90' lang='lat' dir='ltr'>qnoque</span> <span class='ocrx_word' id='word_1_204' title='bbox 416 3355 620 3435; x_wconf 78' lang='lat' dir='ltr'>castimoniae,</span> <span class='ocrx_word' id='word_1_205' title='bbox 643 3355 711 3436; x_wconf 87' lang='lat' dir='ltr'>quia</span> <span class='ocrx_word' id='word_1_206' title='bbox 726 3356 804 3438; x_wconf 85' lang='lat' dir='ltr'>turpi</span> <span class='ocrx_word' id='word_1_207' title='bbox 819 3355 933 3440; x_wconf 80' lang='lat' dir='ltr'>flagitio</span> <span class='ocrx_word' id='word_1_208' title='bbox 949 3356 1144 3421; x_wconf 85' lang='lat' dir='ltr'>contaminari</span> <span class='ocrx_word' id='word_1_209' title='bbox 1165 3375 1263 3440; x_wconf 79' lang='lat' dir='ltr'>grave</span> 
     </span>
     <span class='ocr_line' id='line_1_28' title="bbox 158 3468 1256 3553; baseline 0.001 -22"><span class='ocrx_word' id='word_1_210' title='bbox 158 3475 314 3552; x_wconf 84' lang='lat' dir='ltr'>peecatum</span> <span class='ocrx_word' id='word_1_211' title='bbox 336 3468 465 3551; x_wconf 87' lang='lat' dir='ltr'>putabat.</span> <span class='ocrx_word' id='word_1_212' title='bbox 860 3545 864 3553; x_wconf 23' lang='grc' dir='ltr'>ἱ</span> <span class='ocrx_word' id='word_1_213' title='bbox 1065 3532 1069 3541; x_wconf 81' lang='grc'><strong>,</strong></span> <span class='ocrx_word' id='word_1_214' title='bbox 1253 3536 1256 3541; x_wconf 63' lang='grc'><strong>,</strong></span> 
     </span>
    </p>

    <p class='ocr_par' dir='ltr' id='par_1_8' title="bbox 159 3579 1264 3890">
     <span class='ocr_line' id='line_1_29' title="bbox 245 3579 1263 3665; baseline 0.002 -20"><span class='ocrx_word' id='word_1_215' title='bbox 245 3579 298 3645; x_wconf 88' lang='grc'>88.</span> <span class='ocrx_word' id='word_1_216' title='bbox 343 3582 422 3646; x_wconf 80' lang='lat' dir='ltr'>&#39;l&#39;alis</span> <span class='ocrx_word' id='word_1_217' title='bbox 435 3581 526 3665; x_wconf 79' lang='lat' dir='ltr'>igitur</span> <span class='ocrx_word' id='word_1_218' title='bbox 539 3579 630 3645; x_wconf 88' lang='lat' dir='ltr'>debet</span> <span class='ocrx_word' id='word_1_219' title='bbox 642 3598 711 3645; x_wconf 87' lang='lat' dir='ltr'>esse</span> <span class='ocrx_word' id='word_1_220' title='bbox 724 3581 923 3665; x_wconf 69' lang='lat' dir='ltr'>consiliarius,</span> <span class='ocrx_word' id='word_1_221' title='bbox 939 3583 989 3662; x_wconf 87' lang='lat' dir='ltr'>qui</span> <span class='ocrx_word' id='word_1_222' title='bbox 1000 3581 1071 3645; x_wconf 89' lang='lat' dir='ltr'>nihil</span> <span class='ocrx_word' id='word_1_223' title='bbox 1084 3582 1263 3649; x_wconf 82' lang='lat' dir='ltr'>nebulosum</span> 
     </span>
     <span class='ocr_line' id='line_1_30' title="bbox 159 3693 1264 3777; baseline 0.004 -20"><span class='ocrx_word' id='word_1_224' title='bbox 159 3695 277 3776; x_wconf 87' lang='lat' dir='ltr'>habeat,</span> <span class='ocrx_word' id='word_1_225' title='bbox 300 3694 372 3757; x_wconf 90' lang='lat' dir='ltr'>nihil</span> <span class='ocrx_word' id='word_1_226' title='bbox 389 3694 489 3773; x_wconf 83' lang='lat' dir='ltr'>fallax,</span> <span class='ocrx_word' id='word_1_227' title='bbox 512 3693 777 3773; x_wconf 79' lang='lat' dir='ltr'>nihillabulosum,</span> <span class='ocrx_word' id='word_1_228' title='bbox 793 3695 865 3771; x_wconf 82' lang='lat' dir='ltr'>nihil</span> <span class='ocrx_word' id='word_1_229' title='bbox 879 3695 1055 3774; x_wconf 86' lang='lat' dir='ltr'>simulatum,</span> <span class='ocrx_word' id='word_1_230' title='bbox 1076 3695 1159 3777; x_wconf 81' lang='lat' dir='ltr'>quod</span> <span class='ocrx_word' id='word_1_231' title='bbox 1173 3697 1264 3761; x_wconf 82' lang='lat' dir='ltr'>vitam</span> 
     </span>
     <span class='ocr_line' id='line_1_31' title="bbox 162 3805 1264 3890; baseline 0.005 -22"><span class='ocrx_word' id='word_1_232' title='bbox 162 3807 226 3869; x_wconf 89' lang='lat' dir='ltr'>eius</span> <span class='ocrx_word' id='word_1_233' title='bbox 238 3824 273 3870; x_wconf 87' lang='lat' dir='ltr'>ac</span> <span class='ocrx_word' id='word_1_234' title='bbox 285 3825 385 3870; x_wconf 87' lang='lat' dir='ltr'>mores</span> <span class='ocrx_word' id='word_1_235' title='bbox 397 3805 527 3886; x_wconf 83' lang='lat' dir='ltr'>refellat,</span> <span class='ocrx_word' id='word_1_236' title='bbox 541 3806 613 3870; x_wconf 89' lang='lat' dir='ltr'>nihil</span> <span class='ocrx_word' id='word_1_237' title='bbox 625 3807 782 3889; x_wconf 86' lang='lat' dir='ltr'>inprobum</span> <span class='ocrx_word' id='word_1_238' title='bbox 794 3825 831 3870; x_wconf 89' lang='lat' dir='ltr'>ao</span> <span class='ocrx_word' id='word_1_239' title='bbox 844 3807 1023 3890; x_wconf 89' lang='lat' dir='ltr'>malivolum,</span> <span class='ocrx_word' id='word_1_240' title='bbox 1047 3807 1128 3888; x_wconf 87' lang='lat' dir='ltr'>quod</span> <span class='ocrx_word' id='word_1_241' title='bbox 1147 3814 1264 3881; x_wconf 73' lang='lat' dir='ltr'>avertet</span> 
     </span>
    </p>
   </div>
   <div class='ocr_carea' id='block_1_8' title="bbox 232 4043 1264 4121">
    <p class='ocr_par' dir='ltr' id='par_1_9' title="bbox 232 4043 1264 4121">
     <span class='ocr_line' id='line_1_32' title="bbox 232 4043 1264 4121; baseline 0.009 -27"><span class='ocrx_word' id='word_1_242' title='bbox 232 4043 260 4110; x_wconf 87' lang='lat'>1)</span> <span class='ocrx_word' id='word_1_243' title='bbox 282 4043 304 4098; x_wconf 87' lang='lat'>1.</span> <span class='ocrx_word' id='word_1_244' title='bbox 317 4043 374 4100; x_wconf 83' lang='lat' dir='ltr'>Gor.</span> <span class='ocrx_word' id='word_1_245' title='bbox 387 4043 414 4112; x_wconf 81' lang='lat' dir='ltr'>t,</span> <span class='ocrx_word' id='word_1_246' title='bbox 425 4043 459 4098; x_wconf 76' lang='lat'>2⁵</span> <span class='ocrx_word' id='word_1_247' title='bbox 471 4059 544 4115; x_wconf 74' lang='lat' dir='ltr'>seqq.</span> <span class='ocrx_word' id='word_1_248' title='bbox 575 4045 683 4102; x_wconf 88' lang='lat' dir='ltr'>Timoth.</span> <span class='ocrx_word' id='word_1_249' title='bbox 696 4047 723 4116; x_wconf 79' lang='lat' dir='ltr'>l,</span> <span class='ocrx_word' id='word_1_250' title='bbox 739 4048 791 4121; x_wconf 34' lang='lat'><strong>12..</strong></span> <span class='ocrx_word' id='word_1_251' title='bbox 810 4046 857 4102; x_wconf 80' lang='lat' dir='ltr'>lit.</span> <span class='ocrx_word' id='word_1_252' title='bbox 870 4047 896 4116; x_wconf 83' lang='lat'>2,</span> <span class='ocrx_word' id='word_1_253' title='bbox 910 4047 933 4102; x_wconf 80' lang='grc'>7.</span> <span class='ocrx_word' id='word_1_254' title='bbox 989 4047 1020 4117; x_wconf 84' lang='lat'>2)</span> <span class='ocrx_word' id='word_1_255' title='bbox 1037 4045 1100 4102; x_wconf 80' lang='lat' dir='ltr'>Gen.</span> <span class='ocrx_word' id='word_1_256' title='bbox 1113 4045 1159 4115; x_wconf 80' lang='grc'>39,</span> <span class='ocrx_word' id='word_1_257' title='bbox 1172 4045 1191 4100; x_wconf 86' lang='grc'><strong>8</strong></span> <span class='ocrx_word' id='word_1_258' title='bbox 1208 4063 1264 4118; x_wconf 76' lang='lat' dir='ltr'>seq.</span> 
     </span>
    </p>
   </div>
   <div class='ocr_carea' id='block_1_9' title="bbox 0 0 1369 4666">
    <p class='ocr_par' dir='ltr' id='par_1_10' title="bbox 0 0 1369 4666">
     <span class='ocr_line' id='line_1_33' title="bbox 0 0 1369 4666; baseline 0 0"><span class='ocrx_word' id='word_1_259' title='bbox 0 0 1369 4666; x_wconf 95' lang='lat' dir='ltr'> </span> 
     </span>
    </p>
   </div>
  </div>
 </body>
</html>
