2692 4666
703 120 710 152 t

163 355 207 421 20
673 350 748 406 arra

163 533 234 579 rans
257 533 375 599 corpus.
432 514 485 580 Cui
513 512 675 599 prandendi
707 531 870 595 numquam
887 512 1073 578 consuetudo
1097 512 1168 593 tuit,
1201 513 1258 576 nisi

164 625 212 690 die
229 629 341 691 sabbati
356 634 386 693 et
402 628 561 709 dominico,
585 629 634 692 vel
658 647 722 690 curn
745 627 881 690 natalicia
896 628 1157 717 celeberrimorum
1175 646 1259 690 mar-

163 746 261 824 tyrum
284 750 395 811 essent.
440 743 551 807 Orandi
583 743 670 805 etiem
693 721 853 832 adsiduitas
884 761 990 826 magna
1024 742 1072 805 die
1101 760 1137 804 ac
1159 747 1258 819 nocte,

163 871 221 921 nec
251 874 373 939 operarn
409 855 575 919 declinabat
605 855 755 922 scribendi
785 855 905 937 proprie
935 873 1024 919 manu
1055 855 1164 934 libros,
1202 855 1259 928 nisi

164 987 230 1033 curn
252 969 349 1051 aliqua
373 970 538 1034 infirmitate
562 987 673 1052 corpus
698 972 762 1034 eins
786 970 971 1037 attineretur.
1020 967 1092 1033 Erat
1120 969 1206 1031 etiam
1229 969 1260 1031 in

99 1065 102 1070 ’
163 1084 215 1148 iilo
239 1084 406 1148 sollicitudo
429 1087 558 1148 omniunt
582 1085 791 1164 ecclesiarum,
821 1084 1039 1149 interveniendi
1071 1101 1178 1167 magns
1202 1082 1271 1167 ard-⁴

163 1198 288 1263 siduitas
320 1204 349 1263 et
380 1201 553 1262 constantia.
608 1199 640 1263 ln
662 1200 754 1263 rebus
777 1201 863 1263 etiam
886 1199 994 1263 divinis
1019 1198 1168 1281 inplendis
1191 1197 1259 1260 ior-

165 1313 312 1391 tissimus,
346 1313 376 1377 in
399 1319 527 1394 tantum,
563 1321 595 1377 ut
617 1315 696 1395 quod
720 1315 804 1379 solus
826 1314 942 1397 inplere
965 1315 1071 1379 solitus
1094 1320 1160 1376 eret
1182 1313 1259 1376 circa

165 1425 358 1510 baptizandos
390 1429 521 1510 quinque
552 1435 657 1510 postea
691 1428 823 1514 episcopi
846 1434 995 1511 ternpore,
1029 1446 1090 1509 quo
1120 1427 1260 1506 decessit,

164 1541 216 1604 vix
247 1530 411 1624 inplorent3
453 1541 598 1604 sottictrus
639 1540 725 1605 etiarn
765 1559 821 1623 pro
858 1541 1038 1625 pauperibus
1071 1547 1102 1603 et
1135 1540 1260 1622 captivis

164 1657 308 1740 minium
331 1675 396 1719 nam
420 1655 615 1739 intempore,
638 1673 698 1737 quo
719 1656 879 1739 episcopus
905 1654 1058 1719 ordinatus
1075 1661 1130 1734 cst,
1154 1672 1259 1717 eurum

164 1786 254 1833 omne
284 1776 374 1851 utque
403 1777 577 1854 argeutum,
607 1769 688 1853 quod
718 1770 830 1833 babere
851 1774 995 1852 ¹poterat,
1034 1768 1181 1832 eeclesiae
1212 1767 1261 1830 vel

164 1884 345 1970 pauperibus
368 1885 499 1949 contulit.
519 1938 521 1946 .
543 1884 678 1949 Praedia.
703 1884 808 1964 etiarn,
838 1901 914 1966 quae
938 1883 1073 1963 habebat,
1104 1889 1261 1946 reservato

165 1992 318 2062 usufructu
340 2014 504 2081 germanae
533 2014 606 2062 suae
628 1997 749 2062 donavit
772 1985 938 2077 ecclesiae,
974 1996 1045 2082 nihil
1077 1995 1150 2076 sibi,
1180 1995 1260 2077 qood

155 2101 214 2181 bic
247 2130 332 2177 suum
363 2110 498 2192 diceret,
531 2113 761 2196 derelinquens,
796 2119 829 2176 ut
862 2117 951 2176 nutus
981 2117 1071 2193 atque
1103 2111 1260 2192 expeditus

166 2228 250 2291 miles
281 2226 428 2299 Christum
456 2226 605 2290 dominum
637 2199 830 2308 sequeretur,
862 2226 934 2306 qai,
966 2243 1034 2288 com
1057 2223 1145 2285 dioec
1169 2231 1260 2301 esset,

160 2348 291 2420 prepter
320 2358 379 2404 mos
409 2356 532 2422 uesper
559 2340 667 2420 sactes
696 2345 760 2416 est,
789 2345 824 2399 et
854 2357 912 2401 noe
940 2337 1006 2401 etos
1036 2337 1146 2418 inopia
1175 2336 1260 2399 dite-

165 2472 276 2516 remur.
297 2450 325 2539 ¹)
776 2510 778 2514 .
815 2433 823 2451 ⁸

253 2565 305 2633 39.
350 2566 422 2631 Erat
445 2567 532 2630 etiarn
564 2562 706 2650 gaudens>
722 2582 791 2629 curn
814 2563 1011 2648 gaudentibus
1040 2572 1072 2629 et
1095 2563 1171 2628 tiens
1195 2582 1260 2627 curn

166 2680 322 2761 flentibus,
347 2678 380 2767 ²]
412 2682 576 2763 siquidem,
612 2682 880 2764 quotienscumque
907 2680 948 2743 illi
980 2680 1085 2762 aliquis
1117 2681 1157 2743 ob
1187 2697 1261 2761 per-

167 2795 332 2880 cipiendam
356 2798 565 2877 paenitentiam
588 2797 689 2879 tapsus
709 2807 783 2860 suos
807 2792 963 2859 confessus
986 2801 1077 2874 esset,
1101 2795 1139 2858 ita
1163 2793 1261 2871 tiebat,
1323 2867 1326 2871 ¹

166 2917 198 2975 ut
215 2913 301 2974 etiam
316 2910 396 2974 iiluna
411 2909 485 2974 flere
501 2910 709 2993 compellerem
732 2908 888 2973 videbatur
900 2909 977 2972 eninr
992 2908 1048 2973 sibi
1064 2920 1129 2972 curo
1146 2909 1262 2971 iacente

166 3026 276 3088 iacere.
320 3023 432 3088 Causas
455 3031 553 3088 autem
577 3024 740 3104 criminum,
775 3041 852 3105 quae
874 3023 924 3086 ilte
947 3020 1157 3102 confitebatur,
1191 3021 1263 3084 nulli

167 3138 224 3203 nisi
247 3139 367 3203 domino
390 3138 456 3219 soli,
480 3139 557 3224 apud
580 3159 667 3221 quern
690 3139 904 3219 intercedebat,
936 3140 1124 3222 loquebatur,
1154 3138 1263 3201 bonum

158 3255 343 3338 'relinquens
366 3254 534 3336 exemplum
565 3255 694 3337 posteris
724 3253 947 3332 sacerdotibus,
980 3259 1011 3317 ut
1043 3254 1262 3316 intercessores

167 3369 261 3451 magis
284 3368 362 3450 apud
386 3367 472 3432 deurn
495 3369 564 3449 sint,
590 3388 678 3451 quern
701 3376 893 3433 accusatores
917 3364 994 3452 apud
1010 3369 1155 3432 homines.
1189 3368 1262 3431 Nam

166 3487 197 3546 et
218 3482 382 3545 seeundum
404 3483 569 3565 apostolum
587 3480 619 3568 ³)
642 3484 721 3547 eirca
746 3483 950 3549 huiuscemodi
973 3484 1121 3548 bominem
1148 3479 1263 3546 contir-

167 3594 272 3659 manda
296 3596 403 3660 caritas
426 3604 482 3677 est,
513 3597 581 3679 quia
604 3598 669 3681 ipse
692 3599 920 3663 suiaoousator
942 3605 997 3677 est,
1027 3616 1084 3660 nec
1107 3578 1263 3680 exspectat

167 3717 380 3790 acussatorern,
403 3710 456 3775 sed
481 3713 651 3793 praevenit,
683 3719 714 3775 ut
741 3712 910 3777 confitendo
933 3732 1017 3775 suurn
1041 3712 1176 3776 absolvat
1198 3712 1263 3793 ipse

159 3813 327 3904 delictum,
358 3844 397 3888 ne
435 3825 541 3889 habeat
575 3826 655 3908 quod
686 3826 876 3890 adversarius
910 3826 1081 3890 criminetur
1089 3847 1098 3903 3
1133 3824 1262 3906 ideoque

171 3943 316 4024 scriptura
344 3940 435 4005 dicit:
467 3942 572 4006 Iasios
603 3943 638 4005 ia
664 3943 826 4024 principio
855 3943 1007 4026 emmonis
1029 3949 1195 4039 accusator
1218 3948 1264 4016 est

185 4092 377 4106 *u—

240 4183 267 4252 1)
285 4184 310 4239 2.
329 4182 387 4238 Cor.
406 4184 431 4253 8,
449 4186 473 4242 s.
545 4184 575 4258 2)
593 4184 666 4239 Rom.
686 4183 728 4252 12,
750 4184 790 4245 15.
862 4185 892 4255 3)
912 4184 935 4239 2.
955 4182 1011 4238 Cor.
1033 4184 1059 4252 ²i
1079 4181 1103 4239 8.
