2692 4666
449 1115 608 1208 LIBER
646 1111 854 1207 PRIMUS.

572 1327 732 1335 *a

534 1459 709 1526 CAPUT
744 1460 769 1526 I.

101 1627 225 1697 Episcopi
243 1628 374 1696 proprium
393 1643 482 1679 munus
501 1626 609 1690 docere3
629 1625 677 1678 sibi
696 1634 778 1678 autem
798 1625 947 1677 discendum
966 1639 1033 1690 esse,
1051 1631 1079 1674 ut
1093 1623 1196 1687 doceat3

101 1717 179 1769 immo
204 1717 281 1768 etiam
305 1715 463 1781 docendum,
494 1715 560 1784 quod
584 1732 635 1767 non
661 1714 794 1780 didicerit,
819 1722 862 1766 aut
886 1712 975 1766 saltem
1000 1719 1027 1764 ct
1052 1710 1201 1765 discendum

511 1802 584 1856 simul
603 1811 628 1854 et
646 1802 796 1855 docendum.

194 1948 221 2012 1.
256 1950 324 2014 Non
348 1965 494 2033 arrogans
516 1947 614 2010 uideri
637 1947 774 2028 arbitror,
797 1947 823 2011 si
845 1947 923 2010 inter
944 1945 1020 2009 iiiios
1042 1943 1201 2026 suscipiam

102 2063 243 2128 affectum
274 2062 419 2141 docendi,
455 2080 521 2124 cum
553 2061 618 2142 ipse
651 2060 820 2123 humilitatis
852 2059 995 2143 magister
1028 2057 1151 2121 dixerit:
1170 2055 1200 2142 ¹)

107 2179 224 2256 Venite,
246 2180 315 2258 filii,
340 2178 444 2240 audite
467 2196 531 2249 me;
554 2177 692 2238 timorem
715 2176 834 2238 domini
858 2174 974 2238 docebo
997 2193 1069 2237 ooo:
1090 2173 1120 2235 in
1141 2190 1200 2254 quo

102 2293 171 2355 licet
205 2299 236 2354 et
269 2291 460 2354 humilitatem
493 2290 694 2353 verecundiae
729 2291 793 2352 eius
830 2295 967 2371 spectare
1004 2294 1034 2350 et
1067 2268 1199 2370 gratia'ffi.

101 2403 236 2466 Dicendo
259 2403 354 2465 enim:
385 2403 525 2464 timorem
547 2402 684 2478 domini,
717 2402 766 2482 qui
797 2402 961 2464 communis
990 2402 1200 2465 videturesse

103 2519 258 2596 omnibus,
291 2517 441 2598 expressit
469 2516 587 2599 insigne
609 2515 819 2578 uerecundiae.
865 2515 902 2577 Et
924 2523 1021 2579 tamen
1045 2535 1110 2578 curn
1135 2517 1200 2597 ipse

102 2633 190 2695 umor
219 2632 331 2694 initium
359 2631 521 2713 sapientiae
551 2631 589 2693 sit
616 2639 647 2694 et
676 2630 801 2694 effector
822 2628 1029 2710 beatitudinis,
1060 2630 1200 2711 quoniam

101 2746 239 2809 timentes
269 2738 357 2809 deum
388 2746 467 2809 beati
495 2751 580 2824 sunt,
612 2724 838 2827 prddoeptorem
868 2760 914 2807 so.
928 2744 1094 2835 sapientiae
1120 2744 1199 2808 edo-

100 2863 217 2926 cendae
240 2869 270 2926 et
293 2863 558 2926 demonstratorem
586 2859 776 2925 beatitudinis
806 2842 1015 2943 adipiscendae
1043 2857 1199 2923 evidenter

101 2977 288 3061 significavit.

190 3089 219 3152 2.
264 3088 302 3151 Et
329 3106 387 3151 nos
417 3106 491 3172 ergo
520 3087 559 3150 ad
588 3085 756 3151 imitandam
779 3085 990 3151 verecundiam
1014 3088 1128 3167 seduli,
1160 3086 1198 3151 ad

100 3201 313 3266 conserendam
335 3203 463 3285 gratiam
486 3220 547 3266 non
570 3207 773 3282 usurpatores,
795 3219 871 3283 quae
894 3201 936 3263 illi
954 3204 1074 3285 spiritus
1090 3203 1198 3268 infudit

99 3316 284 3398 sapientiae,
317 3323 348 3380 et
376 3335 433 3398 per
461 3316 541 3380 illurn
572 3316 659 3379 nobis
688 3315 873 3379 manifestata
900 3322 931 3379 et
959 3316 1025 3380 visu
1055 3323 1197 3399 conperta

100 3435 191 3510 atque
215 3430 365 3512 exemplo,
388 3431 474 3493 vobis
497 3431 583 3512 quasi
605 3430 707 3493 liberis
729 3428 880 3511 tradimus,
902 3412 969 3492 oum
988 3431 1044 3492 iam
1061 3431 1204 3514 effugere-

98 3559 161 3605 non
183 3542 334 3624 possimus
356 3542 487 3606 officium
510 3541 654 3621 docendi,
687 3541 766 3624 quod
789 3543 876 3606 nobis
897 3542 1115 3628 refugientibus
1144 3548 1196 3609 in-

98 3657 200 3737 posuit
229 3655 391 3720 saoerdotii
418 3656 627 3720 necessitudo:
644 3653 676 3738 ²)
709 3658 806 3720 Dedit
832 3659 910 3723 onim
940 3660 1017 3720 deoc
1045 3662 1196 3741 quosdam

97 3769 220 3849 quidam
250 3769 431 3849 apostolos,
466 3769 617 3848 quosdam
651 3777 752 3830 dotem
782 3769 971 3850 propbetas,
1004 3773 1086 3837 otios
1119 3794 1194 3841 oero

97 3883 321 3964 evangelistas,
345 3883 428 3947 otios
450 3889 550 3945 aaran
567 3888 711 3964 pastores
734 3888 764 3945 st
783 3883 937 3948 doctores.

169 4124 205 4195 1),
217 4123 309 4184 raam.
327 4125 371 4196 aa,
391 4126 431 4183 12.
503 4125 535 4199 a)
552 4124 647 4200 opaea
665 4126 692 4195 4,
710 4126 752 4182 11.
