2692 4666
192 347 234 413 50
524 346 529 357 '
632 346 658 401 S.
676 345 831 402 nuouosu

191 507 257 589 Epo
278 526 347 570 sam
376 517 523 572 scrutata
546 510 646 573 cordo
668 517 698 571 et
719 529 817 573 renes.
863 508 900 571 Et
921 508 952 572 in
974 508 1131 592 evangelio
1156 507 1196 571 ait
1220 507 1279 572 do-

190 622 285 687 minus
307 621 407 687 lesus:
427 621 455 709 ¹)
490 624 574 702 Qcc'd
607 627 751 708 capitatis
782 626 865 689 mala
894 624 928 686 ic
961 625 1111 688 cordibus
1139 625 1280 687 cestris?

190 737 308 802 Sciebat
335 740 412 802 enim
443 739 523 820 quod
557 742 724 823 cogitarent
750 741 833 803 mala.
878 740 1013 821 Denique
1042 745 1072 802 et
1096 739 1279 823 evangelista

189 857 314 917 testatur
336 853 452 916 dicens:
470 850 502 937 2)
525 853 648 917 Sciebat
669 855 750 916 enim
772 855 862 917 lesos
885 855 1088 936 cogitationes
1113 873 1226 917 eoram.

274 964 324 1032 54.
370 967 502 1041 Quorum
525 984 585 1030 non
612 968 722 1048 poterit
751 967 822 1030 satis
851 985 974 1030 movere
1003 968 1122 1050 opinio,
1153 969 1180 1031 si
1202 968 1280 1032 iacta

188 1099 291 1144 eorum
322 1080 554 1144 consideremus.
597 1079 707 1143 Nolunt
737 1096 826 1160 supra
854 1098 889 1141 se
915 1096 983 1142 esse
1015 1077 1159 1159 iudicem,
1191 1100 1279 1163 quem

187 1195 259 1257 nihil
281 1194 377 1271 lallat3
412 1195 515 1257 nolunt
537 1194 565 1256 ei
587 1193 659 1255 dare
681 1193 865 1256 occultorum
886 1194 1053 1274 scientiam,
1077 1197 1126 1276 qui
1148 1202 1279 1259 metuant

188 1308 305 1372 occulta
328 1327 382 1372 sua
412 1308 508 1389 prodi.
554 1304 614 1370 Sed
644 1307 730 1369 etiam
759 1307 895 1370 dominus
925 1307 1024 1370 sciens
1054 1327 1146 1390 opera
1176 1328 1279 1374 eorum

187 1424 304 1487 tradidit
338 1442 393 1487 eos
426 1424 456 1486 in
486 1421 636 1485 tenebras.
681 1421 719 1482 ln
749 1430 855 1499 nocte,
887 1421 995 1500 inquit,
1011 1417 1043 1505 ³)
1077 1424 1138 1485 erit
1165 1423 1220 1501 far
1250 1433 1280 1488 ct

188 1540 296 1602 ceolas
319 1538 456 1602 adulteri
477 1536 619 1598 servabit
641 1536 800 1613 tenebras,
824 1536 951 1598 dicens:
972 1535 1043 1599 Non
1067 1537 1280 1601 considerabit

186 1672 232 1714 me
266 1653 393 1725 ocalus;
441 1659 470 1711 et
503 1650 665 1711 latibulum
700 1669 857 1730 personae
887 1651 996 1732 poscit
1035 1670 1120 1714 scae.
1177 1653 1278 1717 Omnis

186 1767 281 1846 enim,
313 1767 364 1847 qui
385 1765 481 1828 lucem
504 1765 595 1848 fugit,
624 1765 719 1848 diligit
741 1765 897 1846 tenebras,
930 1764 1053 1830 studens
1075 1767 1186 1847 latere,
1210 1786 1277 1831 cum

186 1878 272 1943 deum
294 1880 387 1944 latere
410 1899 471 1943 non
492 1880 602 1960 possit,
636 1881 687 1961 qui
709 1880 784 1944 intra
816 1878 994 1961 profundum
1027 1880 1126 1964 abyssi
1148 1889 1178 1945 et
1201 1883 1277 1946 intro

184 1995 334 2058 hominum
356 2003 471 2059 mentes
487 2013 557 2057 non
578 1995 675 2058 solum
697 2000 837 2073 tractata,
861 1993 916 2056 sed
939 1995 1025 2057 etiam
1047 1995 1196 2059 volvenda
1219 2015 1277 2060 co·

184 2111 312 2192 gnoscit.
357 2111 494 2193 Denique
517 2117 546 2173 et
568 2111 635 2189 ibe,
670 2111 720 2191 qui
743 2108 812 2173 dicit
833 2111 862 2172 in
885 2109 1115 2175 Ecclesiastico:
1131 2106 1163 2194 ⁴)
1200 2110 1276 2188 Qais

183 2225 269 2286 videt
296 2226 367 2286 me?
413 2225 453 2288 Et
479 2225 624 2288 tenebrae
656 2226 839 2306 cooperiant
866 2244 913 2287 me
940 2232 970 2286 et
994 2226 1156 2305 parietes,·
1189 2244 1277 2306 quem

183 2341 320 2403 vereor?
351 2343 484 2420 quamvis
507 2344 537 2403 in
559 2342 636 2404 lecto
660 2358 715 2406 suo
738 2342 852 2424 positus
883 2343 958 2404 hacc
986 2340 1112 2423 cogitet,
1142 2339 1193 2402 ubi
1215 2356 1277 2402 non

184 2455 346 2535 putaverit,
371 2456 630 2537 conprehenditur.
675 2457 716 2518 Et
738 2457 814 2532 erit,
838 2456 950 2538 inquit,
966 2452 998 2538 5)
1021 2456 1173 2532 deducas,
1195 2453 1279 2536 qaod

183 2588 247 2633 aon
271 2569 461 2632 tatettcaertt
487 2573 625 2635 timorem
647 2571 704 2632 dei.
783 2611 790 2626 .

270 2683 321 2750 55.
366 2684 443 2759 Ouid
465 2690 562 2747 autem
584 2690 642 2745 tam
664 2681 812 2762 stolidum,
835 2698 922 2763 quam
943 2661 1058 2764 putare,
1084 2679 1165 2761 quod
1188 2679 1276 2743 deum

184 2795 342 2878 quidquam
364 2801 549 2878 praetereat,
573 2815 638 2858 cum
653 2795 715 2872 sol,
740 2793 789 2874 qui
811 2792 943 2856 minister
964 2794 1081 2858 luminis
1099 2801 1164 2874 est,
1189 2795 1276 2858 etiam

184 2910 282 2974 abdita
310 2915 467 2992 penetret,
500 2915 530 2971 et
559 2908 589 2970 in
617 2906 805 2970 fundamenta
835 2904 940 2969 domus
971 2906 1019 2970 vel
1053 2914 1169 2972 secreta
1198 2927 1275 2972 con-

183 3025 277 3088 clavia
300 3024 344 3087 vis
366 3022 473 3086 caloris
497 3023 562 3085 eius
585 3022 753 3104 inrumpat?
797 3021 870 3095 Quis
892 3027 984 3104 neget
1014 3039 1106 3084 verna
1133 3023 1276 3106 temperie

182 3139 316 3222 tepefieri
339 3137 479 3200 interiora
500 3143 655 3216 terrarum,
679 3152 752 3216 quas
767 3135 879 3220 glacies
895 3133 1017 3199 hiberna
1039 3136 1275 3200 constrinxerit?

182 3256 297 3320 Norunt
320 3271 395 3337 ergo
419 3253 557 3316 arborum
582 3252 726 3316 occultam
748 3251 808 3314 vim
830 3250 938 3314 caloris
962 3250 1010 3314 vel
1032 3248 1171 3335 frigoris,
1198 3250 1275 3316 adeo

182 3377 213 3434 ut
235 3368 351 3433 radices
383 3367 521 3430 arborum
544 3373 595 3428 aut
617 3372 740 3430 urantur
770 3365 905 3449 frigore,
934 3344 985 3429 aut
1007 3367 1071 3430 iotu
1092 3366 1166 3431 solis
1190 3366 1274 3431 vire·

169 3493 272 3548 'scant
317 3483 453 3563 Denique
475 3481 525 3545 ubi
548 3482 702 3544 clementia
724 3480 799 3545 caeli
822 3480 972 3560 arriserit,
1005 3481 1104 3544 varios
1135 3487 1216 3546 terra
1240 3500 1275 3547 se

181 3597 277 3662 fundit
298 3599 328 3661 in
352 3596 474 3660 fructus.

266 3710 317 3777 56.
363 3710 394 3776 si
417 3711 506 3794 igitur
528 3708 628 3774 radius
651 3711 723 3775 solis
746 3711 840 3774 tundit
861 3711 960 3774 lumen
983 3728 1069 3774 suum
1090 3728 1181 3795 super
1204 3731 1273 3777 om·

180 3845 249 3890 nem
270 3833 379 3891 terram
402 3831 432 3889 et
452 3827 481 3890 in
507 3845 559 3905 ea,
583 3845 660 3907 quae
683 3828 783 3891 clausa
806 3834 892 3908 sunt,
915 3826 1035 3907 inserit,
1058 3831 1272 3894 neclectibus

253 4093 282 4165 l)
299 4095 359 4148 luc.
378 4094 405 4162 5,
423 4095 466 4147 22.
538 4095 566 4162 2)
585 4094 649 4147 ibid.
663 4094 688 4161 6,
706 4095 731 4147 8.
804 4096 1092 4167 3)tob.24,1lneq.
1163 4098 1193 4166 4)
1211 4096 1271 4168 Cap.

180 4181 226 4251 23,
245 4182 277 4239 25
297 4200 350 4254 seq.
370 4183 438 4253 apud
457 4182 582 4238 Sabatier.
601 4183 670 4236 Tom.
690 4181 720 4238 ll.
739 4201 763 4255 p.
783 4185 843 4239 457.
915 4185 943 4256 5)
962 4185 1025 4238 ibid.
1042 4202 1067 4240 v.
1086 4183 1129 4239 ³1.
