2692 4666
518 339 562 393 no
582 339 608 393 s.
627 338 827 394 snsnosntn.
1156 342 1221 408 343

125 504 158 554 W
177 512 203 556 et
226 519 263 572 pr.
284 502 331 555 444.
366 502 484 555 Proxime
507 505 566 556 eins
589 516 639 553 om.
659 500 717 551 libri
736 499 848 552 4444444.
893 499 918 551 2.
938 499 969 552 ab
988 502 1030 552 iu.
1049 503 1222 556 deoincnernt

126 611 170 662 Bo.
202 610 258 661 Vid.
279 611 310 661 nd
329 609 349 662 1.
364 608 407 660 35.
426 611 450 675 §.
466 608 526 673 178,
539 606 569 659 ’3.
605 605 634 658 lu
653 604 715 658 cato.
735 572 929 661 “mirarentur
946 605 997 671 444,
1016 609 1222 660 ammirarentur

126 697 163 750 Bu
182 705 208 750 et
227 698 269 749 ed.
288 695 343 750 Coi.

198 797 222 859 §.
241 793 284 858 32,
306 792 329 843 4.
356 795 444 846 David
461 807 511 844 orn.
531 788 576 843 444.
611 791 636 842 2.
656 808 733 860 qnam
751 788 812 857 (pro
830 789 867 857 et)
885 793 997 846 itandns
1016 790 1060 842 444.
1096 793 1122 844 4.
1142 809 1221 860 sraarn

125 887 250 952 oeqnodat
268 877 454 958 mititiam'Bu.
498 878 522 928 5.
542 881 623 948 fortis
640 882 669 932 in
685 879 743 951 ’ptis
762 876 813 942 Bo,
838 881 900 947 (ort.
919 881 947 932 in
964 868 1065 948 praetio
1083 878 1134 945 Be,
1157 884 1220 949 fort.

124 1009 154 1059 r’n
169 1007 254 1076 pretio
269 1001 319 1069 -Bb,
336 961 415 1087 podis
434 1004 457 1068 (i
475 999 506 1052 ab
525 1018 545 1053 r.
565 1000 613 1070 m.)
631 1003 660 1055 in
678 1002 735 1070 plia
755 999 795 1067 W,
812 1005 892 1071 pedes
910 1005 939 1055 in
954 1004 1054 1088 praetio
1074 1000 1123 1068 444,
1141 1004 1221 1072 pedes

126 1115 154 1165 in
168 1113 224 1182 piio
244 1108 323 1161 ceteri
341 1107 456 1158 4444444.
476 1115 583 1174 excepto
603 1105 660 1175 ng,
682 1106 725 1176 qui
743 1105 834 1160 scribit
850 1111 930 1177 pedes
949 1111 991 1162 eet
1008 1111 1088 1179 (ortis
1107 1111 1135 1162 in
1153 1109 1219 1180 plin.

126 1197 181 1250 Om.
201 1207 357 1258 mansuetus
375 1194 407 1246 W
427 1203 453 1245 et
470 1191 516 1279 Bu.
553 1192 614 1245 Tum
633 1196 661 1248 in
679 1197 781 1265 inperio
801 1192 897 1245 habeut
915 1193 952 1246 Bb
972 1203 998 1247 et
1016 1194 1085 1264 ng.

229 1302 258 1355 P.
278 1303 338 1355 135.

198 1391 220 1442 1.
241 1401 293 1445 tana
311 1392 433 1482 oripidns
453 1406 535 1442 corno
554 1395 611 1441 erat
630 1386 669 1438 W.
706 1387 734 1440 lu
753 1387 789 1440 Bo
807 1389 900 1440 excidit
917 1378 982 1444 erat.
1025 1391 1050 1444 2.
1069 1390 1118 1455 Pro
1139 1410 1219 1464 cupe-

124 1478 242 1534 retan
260 1476 337 1530 hebet
355 1487 566 1547 capnosceretnr.
597 1475 658 1528 Tum
676 1488 706 1531 nt
723 1495 776 1531 non
795 1493 842 1545 pro
860 1495 893 1532 ne
911 1477 957 1530 Bb.
993 1477 1019 1530 3.
1038 1483 1157 1535 nomines
1176 1480 1219 1534 Bc.

194 1579 220 1641 ς.
234 1574 277 1640 33,
291 1575 316 1626 2.
331 1578 443 1629 cdeiron
454 1573 486 1625 W
499 1582 526 1626 et
538 1589 577 1641 pr.
588 1572 627 1624 444
640 1590 663 1625 4.
677 1573 721 1640 Bc,
734 1576 759 1627 iu
771 1575 861 1643 quibus
873 1574 956 1638 littere
969 1593 984 1631 4
995 1592 1067 1630 eroso
1081 1587 1128 1644 est,
1141 1583 1221 1633 eiran

125 1665 173 1717 Bb.
193 1664 262 1732 ndtg
287 1671 313 1715 et
335 1661 463 1731 exemplar
482 1660 538 1715 Coi.
580 1661 604 1714 3.
623 1680 735 1733 reanare
752 1667 780 1716 in
797 1667 960 1720 sternentem
979 1664 1018 1716 W.
1039 1664 1094 1718 4444
1113 1673 1139 1718 et
1157 1663 1220 1732 Bab,

124 1769 197 1823 repr.
216 1754 245 1804 in
262 1755 369 1821 tyerno.
388 1749 439 1817 Bc,
458 1767 531 1820 repn.
549 1753 578 1803 in
595 1752 695 1805 iseros.
715 1750 775 1801 edd.
795 1749 850 1804 cot.
869 1760 944 1820 utque
964 1743 1046 1819 ned,
1071 1757 1100 1807 in
1117 1757 1220 1810 4444444.

123 1858 198 1912 repa.
213 1839 279 1905 4444,
297 1855 312 1890 4
331 1838 421 1907 quibus
439 1854 489 1890 nou
509 1838 655 1912 discrepent
671 1838 729 1890 edd.
744 1837 847 1892 Amerb.
862 1849 888 1892 et
903 1843 1070 1908 posteriores,
1088 1845 1117 1897 in
1135 1846 1219 1900 ierne.

123 1963 196 2016 repo.
216 1943 294 2012 nhtg.
330 1942 388 1994 Mox
412 1946 578 2014 propositam
600 1942 654 2009 Bb,
679 1927 796 2029 positoris
819 1931 943 2031 virenon
962 1945 1013 2012 Be,
1038 1952 1131 2018 posito
1156 1951 1220 2020 (sic)

123 2055 249 2106 eirtntem
267 2049 316 2118 ttg.
353 2047 464 2100 Verbum
490 2049 609 2118 diiiperet
631 2049 657 2098 in
682 2048 774 2099 eodem
800 2048 864 2100 iibro
888 2067 909 2101 r.
930 2067 962 2103 m.
981 2050 1086 2104 eddidit.
1132 2054 1156 2105 4.
1176 2058 1220 2108 iis

124 2143 203 2195 etiam
221 2138 284 2190 Bab.
321 2138 345 2191 6.
365 2141 478 2190 abenner
495 2134 534 2186 W.
556 2135 596 2186 444
614 2144 640 2190 et
657 2152 709 2203 pr.‚
728 2136 884 2214 dividetur,
904 2136 948 2202 Bc,
967 2143 1047 2193 aina
1066 2140 1142 2192 codd.
1162 2142 1218 2196 reli.

126 2245 148 2280 c.
169 2227 242 2279 editis
259 2226 344 2291 libris,
368 2226 429 2276 item
448 2240 479 2275 ex
498 2231 585 2275 mutet.
605 2223 648 2274 Bc.
692 2225 716 2275 7.
737 2228 913 2294 adspernatus
932 2226 1010 2280 Maur.
1032 2237 1058 2280 et
1077 2228 1143 2282 Giib.
1180 2231 1219 2285 De

124 2317 206 2368 iormo
225 2310 402 2384 aspernatus,
422 2328 496 2382 quum
516 2311 590 2364 codd.
609 2320 635 2364 et
649 2315 799 2380 superiores
818 2313 876 2365 odd.
898 2314 1032 2381 exhibent,
1052 2317 1103 2368 vid.
1128 2321 1218 2390 Wapn.

123 2404 141 2455 1.
162 2419 184 2455 4.
203 2420 226 2474 p.
248 2402 298 2452 408
316 2419 354 2470 sq.
396 2401 419 2452 8.
440 2405 604 2454 interemtum
623 2399 694 2452 soloe
712 2400 789 2453 44444.
809 2408 835 2452 et
855 2400 935 2467 (4414),,
963 2404 1022 2455 dein
1039 2416 1219 2475 prosequutus

122 2494 201 2545 iidem
220 2490 276 2541 libri
295 2506 316 2542 c.
336 2488 384 2541 444.
421 2489 482 2541 Tum
500 2488 542 2558 Mg
560 2493 715 2559 oiseqnia's,
744 2497 770 2540 et
795 2499 920 2542 commate
945 2493 1064 2559 opposito
1090 2492 1159 2545 idem
1184 2497 1219 2546 itu

121 2580 219 2648 pergit:
243 2581 391 2632 honestavit
415 2588 538 2642 mortem,
563 2581 650 2648 fuitne
675 2581 838 2631 conscientia
854 2582 930 2647 fidem
947 2583 1087 2648 praestitit.
1126 2579 1219 2634 Contra

123 2665 199 2717 liibcd
218 2665 278 2716 dent
295 2668 443 2723 nonestaait
461 2673 586 2732 mortem,
607 2667 698 2718 orcitus
717 2667 893 2718 conscientiae
910 2670 985 2734 fidem
1002 2671 1150 2736 praestitit,
1170 2684 1220 2721 nec
1281 2709 1283 2714 .

123 2752 199 2804 aliter
216 2756 296 2821 primo
315 2752 446 2822 legebatur
464 2754 490 2804 iu
509 2752 555 2817 W,
580 2755 605 2803 in
631 2767 682 2822 quo
706 2769 730 2803 v.
758 2757 935 2808 conscientiae
957 2770 1004 2822 per
1027 2771 1076 2807 res.
1100 2758 1126 2808 in
1151 2774 1218 2811 coo-

122 2847 235 2897 scieatia
259 2850 353 2894 mutato
379 2840 411 2892 44.
437 2858 470 2892 m.
497 2841 528 2892 sd
554 2857 609 2909 mg.·
629 2842 766 2909 adscripsit
791 2840 1081 2909 „velconooientiaeffi
1111 2845 1141 2913 iu
1160 2843 1219 2896 4444

121 2935 270 2985 honestavit
287 2939 388 2982 cnutum
407 2938 445 2983 est
463 2946 495 2980 cx
512 2933 652 2984 honoravit
671 2937 696 2982 et
714 2934 787 2985 nitus
807 2931 833 2983 in
852 2930 888 2982 444
904 2947 919 2983 4
938 2934 1039 2985 voltus.
1081 2930 1105 2984 3.
1124 2931 1156 2984 ab
1175 2934 1218 2986 im.

121 3022 296 3088 transcripsit
314 3025 384 3070 recte
405 3016 474 3086 nbtg
492 3025 518 3068 et
535 3016 598 3083 Ebc,
618 3019 678 3069 item
697 3017 755 3070 edd.
770 3017 874 3071 Amorb.
894 3027 1048 3088 ceteraeque
1068 3020 1217 3074 antennor.

121 3107 177 3159 Vid.
200 3111 320 3179 quner.
339 3105 419 3157 Lecti.
439 3122 504 3158 verr.
524 3105 556 3156 44
575 3105 664 3175 Virgii.
684 3106 748 3158 Aen.
768 3105 808 3158 vt.
828 3105 887 3157 674.
907 3107 948 3158 ed.
969 3106 1050 3175 Heyu.
1088 3105 1126 3161 Ci.
1151 3122 1218 3178 quoe

121 3213 241 3266 adnotavi
260 3213 293 3264 ud
311 3211 330 3264 1.
344 3211 385 3263 49.
406 3214 429 3276 §.
444 3210 504 3276 244,
518 3210 594 3262 7-8.
625 3186 825 3282 Transeo-ipsit
844 3216 873 3278 (s
891 3211 923 3263 ob
943 3211 975 3263 44.
989 3230 1022 3264 m.
1036 3229 1112 3280 supra
1127 3213 1217 3285 addit.)

120 3300 177 3367 414,
202 3302 393 3368 transscripsit
417 3298 452 3350 Β4
478 3307 504 3352 et
523 3299 595 3351 Mede
619 3315 667 3351 uuo
693 3315 749 3350 cuur
775 3298 1019 3352 renitentium.
1043 3309 1120 3370 etque
1139 3299 1216 3368 Gon,

120 3383 277 3443 transcribit
302 3387 434 3455 exemplar
460 3387 531 3454 cot,
562 3386 746 3441 transscribit
759 3387 799 3438 W.
843 3387 961 3440 Proxime
987 3398 1097 3443 nnortem
1122 3392 1215 3458 uitam,

120 3479 233 3532 inuitam
251 3475 312 3543 (sic)
334 3475 373 3527 W.
411 3475 474 3528 Dein
495 3493 555 3529 cnm
572 3491 619 3543 pro
639 3494 715 3545 qnam
733 3475 802 3527 idem
819 3474 886 3528 liber
903 3484 929 3527 et
946 3492 960 3527 4
980 3493 1012 3529 m.
1031 3492 1069 3545 pr.
1089 3478 1143 3544 444,
1172 3479 1230 3548 qui.

121 3583 199 3636 artam
216 3563 248 3616 44
266 3562 299 3615 44.
320 3580 352 3614 m.
371 3563 397 3614 iu
415 3579 464 3614 ree.
484 3561 570 3615 hebet.
607 3562 635 3614 Iu
652 3563 694 3614 fin.
713 3578 829 3672 snodpro
847 3581 926 3617 enom
944 3563 987 3618 Ba.

151 3760 153 3762 ³
190 3690 217 3757 §.³
233 3687 281 3751 34,
303 3686 326 3737 1.
347 3690 414 3743 iliad
432 3725 439 3739 .
459 3688 532 3740 istud
551 3686 590 3740 W.
627 3685 685 3738 Mox
704 3645 779 3742 44444
800 3689 860 3754 (ced
877 3704 892 3740 4
909 3705 931 3740 r.
949 3704 982 3741 m.
1001 3688 1142 3760 superscr.)
1162 3687 1212 3754 444,

120 3814 226 3868 obedire
243 3809 294 3877 nb,
311 3813 384 3864 odire
401 3810 425 3860 iu
444 3825 492 3861 ras.
513 3809 557 3875 444,
576 3813 649 3865 odire
667 3826 698 3862 ex
716 3812 818 3864 odedire
836 3790 979 3863 correctum
998 3813 1024 3864 iu
1042 3811 1098 3879 tte,
1120 3817 1215 3871 iniere

121 3902 183 3954 dont
198 3899 281 3968 ttcdg.
317 3899 342 3952 2.
363 3915 516 3954 eortmnnem
529 3896 585 3968 ng..
617 3898 674 3950 iiox
691 3898 849 3970 infirmisW
867 3907 893 3952 et
910 3916 949 3968 pr.
964 3899 1037 3981 414.“χ
1049 3898 1074 3953 3.
1092 3918 1146 3955 non
1164 3916 1213 3955 om.

120 4005 171 4076 dig.
206 4005 231 4057 6.
251 4022 312 4061 ecce
328 3979 382 4010 Μ’
399 4021 461 4062 snm
480 4004 557 4073 (rens
576 4021 590 4058 4
608 4019 628 4056 4.
644 4021 678 4057 rn.
696 4000 898 4074 superscr.)ii1e‚
916 4021 981 4061 reos
993 4005 1018 4058 in
1031 4005 1087 4058 ord.
1100 4004 1212 4062 4444444.

119 4095 189 4162 reli,
207 4112 267 4150 ecre
284 4111 330 4165 epo
349 4111 411 4151 son
429 4095 475 4170 qni
490 4096 599 4173 peccavi
614 4091 677 4146 Bab.
758 4121 760 4125 <

192 4199 460 4296 §·3⁵31‘-2.non
484 4202 615 4278 apeneint
638 4216 670 4260 os
693 4199 788 4276 snam]
813 4199 851 4254 its
869 4199 909 4254 W.
927 4194 1039 4262 ttousoo.
1064 4210 1091 4264 ot
1114 4201 1166 4262 Bne
1189 4218 1213 4264 e.
