2692 4666
539 301 747 359 sanarem.
1148 308 1188 375 21

95 469 155 530 sui.
171 463 202 552 1)
246 466 358 531 Vocem
379 465 457 529 enim
473 467 560 548 eripit
575 466 749 530 adversario
766 473 796 528 et
812 466 896 548 quasi
920 466 1026 530 dentes
1049 467 1193 548 quosdam

97 588 217 664 paratos
241 579 441 662 adpraedam
472 581 684 644 criminationis
707 579 834 643 infestae
856 587 1048 662 peccatorum
1070 600 1193 661 suoram

97 694 292 759 consessione
315 693 478 777 confringit
502 693 575 756 dans
599 694 746 757 honorem
770 692 843 772 deo,
867 695 915 756 cui
936 694 1016 758 nuda
1039 702 1109 759 sunt
1125 715 1194 761 om-

96 810 145 872 nia
161 803 194 890 ²)
225 809 327 889 etqui
350 807 522 895 vultvitam
552 809 645 892 magis
674 808 861 888 peccatoris,
893 827 979 888 quam
1010 808 1194 896 mortem.³)

96 924 170 987 Nam
194 928 225 985 et
244 923 301 1004 ipsi
324 923 484 1005 paenitenti
506 941 568 985 non
599 921 707 985 subicit
736 922 800 985 sota
830 921 1000 1002 confessio,
1030 925 1087 987 nisi
1117 926 1194 988 sub-

97 1044 243 1119 sequatur
273 1037 440 1100 emendatio
464 1036 551 1117 iacti,
578 1043 610 1099 ut
632 1037 787 1119 paenitens
815 1036 992 1118 paenitenda
1014 1057 1074 1102 non
1097 1038 1194 1119 iaciat,

96 1152 230 1215 humiliet
253 1152 339 1214 etiam
362 1152 486 1214 animam
511 1170 614 1231 suam,
649 1153 725 1214 sicut
746 1150 842 1213 David
866 1159 1003 1232 sanctus,
1033 1153 1084 1235 qui
1106 1128 1194 1235 post-

98 1285 185 1348 quam
215 1265 328 1329 audivit
350 1286 366 1328 a
388 1267 549 1349 propbeta:
583 1267 756 1328 Dimissum
786 1274 832 1328 est
859 1275 1017 1346 peccatam
1042 1275 1143 1345 mum,
1161 1263 1193 1351 ⁴)

97 1382 235 1445 humilior
264 1381 359 1445 factus
392 1391 438 1446 est
469 1385 499 1444 in
535 1383 743 1446 emendatione
771 1385 901 1465 peccati,
932 1384 970 1443 ita
1000 1388 1032 1444 ut
1063 1382 1194 1444 cinerem

98 1497 174 1559 sicut
196 1515 302 1578 panem
325 1496 517 1559 manducaret
536 1503 566 1559 et
583 1503 685 1579 potum
708 1515 793 1560 suum
817 1515 883 1559 cum
907 1495 978 1558 fletu
1000 1495 1147 1558 misceret.
1161 1491 1193 1579 5)

185 1608 236 1675 40.
280 1611 383 1675 Flebat
407 1613 494 1674 etiam
513 1612 713 1690 amarissime,
738 1611 1002 1692 quotienscumque
1018 1608 1098 1672 forte
1113 1629 1193 1673 nun·

98 1726 198 1789 tiatum
221 1724 263 1787 illi
286 1723 382 1788 iuerat
412 1725 450 1788 de
473 1725 688 1806 cuiuscumque
716 1726 810 1788 sancti
841 1726 923 1787 obitu
951 1723 1132 1802 sacerdotis,
1162 1723 1193 1785 in

97 1845 227 1917 tantum,
258 1844 291 1901 ut
317 1856 373 1901 nos
405 1839 484 1901 illum
512 1840 662 1902 consolari
690 1837 876 1917 videremur,
910 1839 1084 1922 ignorantes
1114 1837 1193 1918 pium

99 1952 237 2016 affectum
260 1953 332 2032 viri,
356 1971 413 2015 ncc
436 1972 492 2033 qua
516 1955 631 2016 ratione
652 1955 689 2016 ita
706 1954 792 2016 flaret
815 1954 1034 2036 intellegentes.
1080 1952 1193 2025 Quibus

97 2067 147 2130 ille
170 2066 338 2130 huiusmodi
360 2085 537 2149 responsum
561 2068 720 2168 reddebpt:
743 2070 810 2132 Non
829 2068 971 2147 sedere,
996 2067 1063 2149 quia
1085 2082 1193 2128 reces-

97 2185 195 2260 serat,
221 2182 271 2261 qui
293 2180 390 2244 fuerat
412 2187 545 2244 mortuus
568 2184 734 2259 nuntiatus,
759 2183 812 2245 sed
836 2182 904 2264 quia
926 2199 960 2244 se
976 2185 1193 2263 praecesserat,

96 2295 145 2357 vel
168 2294 236 2373 quia
258 2292 378 2355 difficile
402 2299 482 2355 esset
504 2294 640 2356 invenire
663 2296 777 2374 virum,
809 2296 860 2375 qui
883 2312 997 2359 summo
1020 2294 1190 2357 sacerdotio

97 2408 205 2491 dignus
228 2407 398 2470 haberetur.
443 2407 511 2490 lpse
541 2414 637 2471 autem
669 2410 706 2471 de
737 2428 790 2473 sua
823 2415 918 2472 morte
948 2417 1015 2473 ante
1044 2408 1192 2492 praedixit

97 2521 178 2605 quod
200 2539 297 2602 usque
321 2522 357 2584 ad
379 2524 489 2603 pascha
516 2525 672 2588 nobiscum
701 2524 818 2588 futurus
843 2532 938 2588 esset:
970 2523 1050 2604 quod
1073 2522 1191 2605 quidem

97 2637 206 2699 meruit
228 2636 378 2700 dominum
401 2638 588 2702 obsecrando
612 2658 671 2722 quo
694 2643 835 2703 maturius
859 2641 927 2703 binc
948 2639 1136 2703 liberaretur.

185 2747 236 2813 41.
281 2751 506 2834 Ingemescebat
538 2755 615 2816 enim
651 2755 861 2834 vehementer,
895 2773 961 2817 cum
991 2752 1108 2816 videret
1138 2771 1191 2816 ra-

97 2865 194 2928 dicem
217 2867 348 2929 omnium
371 2867 529 2945 malcrum,
560 2867 731 2946 avaritiam,
761 2886 837 2948 quac
861 2886 960 2948 neque
983 2868 1070 2949 copia
1092 2886 1191 2950 neque

48 3069 50 3073 .
96 2983 198 3064 inopia
221 2983 311 3044 minui
333 2988 447 3063 potest,
470 2985 564 3067 magis
587 2984 743 3066 magisque
767 2985 938 3046 increscere
961 2983 990 3044 in
1013 2982 1191 3062 bominibus,
1250 2967 1253 2971 ⁴

97 3103 129 3160 ct
150 3097 278 3159 maxime
301 3097 331 3158 in
354 3096 406 3176 iis,
438 3097 488 3177 qui
511 3096 541 3157 in
564 3096 759 3178 potestatibus
790 3103 875 3158 erant
897 3097 1064 3176 constituti,
1098 3097 1192 3158 itaut

97 3210 318 3274 interveniendi
334 3211 376 3273 illi
392 3211 468 3294 apud
486 3212 551 3275 iilos
567 3211 761 3297 gravissimus
784 3212 869 3274 labor
892 3217 986 3290 esset,
1009 3211 1077 3291 quia
1094 3210 1191 3272 omnia

96 3326 195 3408 pretio
228 3325 473 3388 distrahebantur.
519 3325 602 3399 Quae
632 3343 682 3387 res
713 3343 801 3388 omne
831 3324 936 3387 maium
960 3325 1055 3406 primo
1078 3323 1192 3386 invexit

97 3440 219 3517 ltaliae3
243 3439 353 3502 exinde
378 3441 474 3502 omnia
497 3447 663 3524 verguntur
685 3442 714 3503 in
737 3441 832 3522 peius.
877 3439 914 3502 Et
937 3439 1007 3520 quid
1029 3437 1141 3516 dicam,
1166 3437 1192 3500 si

97 3556 128 3618 in
153 3552 323 3617 huiusmodi
352 3554 492 3636 personis
522 3555 561 3617 ita
591 3555 704 3616 rabiem
731 3571 814 3616 suam
847 3558 985 3632 exercet,
1017 3552 1066 3632 qui
1094 3549 1193 3612 solent

98 3675 148 3733 aut
178 3667 306 3731 filiorum
337 3675 386 3730 aut
413 3667 646 3750 propinquorum
676 3684 782 3728 causas
810 3665 1008 3747 praetendere
1031 3666 1073 3728 ad
1094 3683 1190 3727 eccu-

97 3785 218 3847 soadoe
241 3782 462 3844 accusationes
483 3781 517 3840 ia
536 3779 694 3860 peccatis,
712 3775 739 3858 6)
770 3777 1008 3859 quandoquidem
1029 3779 1192 3861 plerosque

99 3957 157 3964 --
161 3956 304 3963 -—--——--

171 4055 199 4124 1)
217 4054 292 4107 Prov.
307 4053 348 4119 18,
364 4052 403 4106 17.
457 4052 487 4122 2)
508 4052 587 4105 Hebr.
598 4054 623 4119 4,
636 4051 684 4112 111Ἰ
730 4051 760 4121 3)
776 4051 988 4117 Hiecec.18,32.
1043 4052 1072 4119 4)
1091 4051 1190 4121 Meg.

13 4206 21 4219 ,
99 4142 201 4211 12,13.
273 4140 488 4212 5)Psatm.101,
509 4141 549 4192 10.
621 4141 650 4207 6)
668 4139 758 4194 Psalm.
779 4140 837 4206 140,
857 4139 880 4192 4.
1192 4161 1195 4166 ·
