2692 4666
347 353 392 408 na
411 352 546 408 oamcns
564 351 787 407 umrsraoauu
803 351 899 406 unua
916 352 936 406 r.
1054 327 1057 333 '
1142 355 1181 418 eq

94 534 168 601 agas
189 524 219 580 et
241 517 400 581 conveniat
422 523 452 580 et
473 519 598 599 quadret
620 519 676 581 sihi
699 518 774 582 ordo
797 518 875 581 vitae
894 523 971 580 tuae.
1010 512 1095 576 Unde
1110 512 1184 577 Tul-

94 630 152 693 lius
175 631 262 693 etiam
285 631 419 694 ordinem
441 637 522 711 putat
544 633 573 694 in
595 631 646 694 illo
669 630 780 694 decore
803 632 917 695 servari
947 635 1105 714 oportere,
1135 626 1184 690 id-

94 763 154 827 que
174 746 302 826 positum
325 745 395 810 dicit
416 747 447 810 in
469 746 669 827 formositate,
700 747 822 827 ordine,
854 753 959 810 ornatu
981 745 1018 808 ad
1040 744 1184 807 actionem

94 864 179 942 apto,
203 877 280 941 quae
303 857 422 922 difficile
444 861 484 923 ait
505 860 655 941 loquendo
679 861 820 943 explicari
841 878 948 943 posse,
971 866 1000 922 et
1022 859 1090 922 ideo
1112 856 1185 920 satis

95 990 166 1037 esse
188 973 330 1057 intellegi.

182 1083 233 1151 83.
278 1087 503 1150 Formositatem
534 1093 632 1150 autem
665 1106 718 1150 cur
748 1087 900 1168 posuerit,
938 1103 999 1149 non
1031 1083 1184 1168 intellego,

94 1202 229 1284 quamvis
252 1202 339 1263 etiam
362 1202 411 1264 ille
432 1202 514 1264 vires
534 1201 671 1284 corporis
685 1200 791 1265 laudet.
829 1202 892 1264 Nos
909 1199 1035 1263 certain
1050 1200 1185 1280 pulchri-

93 1317 197 1380 tudine
227 1317 362 1399 corporis
390 1316 487 1379 locum
517 1318 632 1379 virtutis
661 1334 722 1380 non
749 1317 902 1399 ponimus,
935 1315 1059 1398 gratiam
1087 1319 1186 1376 tamen
1308 1396 1310 1400 ι

93 1449 156 1494 non
178 1431 372 1512 excludimus,
399 1434 467 1512 quia
489 1432 669 1495 verecundia
693 1439 723 1495 et
745 1432 843 1496 vultus
865 1432 947 1512 ipsos
970 1429 1047 1492 solet
1069 1429 1185 1511 pudore

94 1544 251 1608 offundere
279 1545 487 1629 gratioresque
518 1543 655 1606 reddere.
700 1545 738 1607 Ut
766 1545 843 1608 enim
872 1543 978 1607 artifex
1005 1545 1035 1605 in
1060 1542 1185 1606 materh

96 1659 299 1723 commodiore
321 1660 427 1722 melius
451 1660 569 1741 operari
592 1660 679 1740 solet,
703 1661 747 1723 sic
769 1658 952 1723 verecundia
975 1660 1005 1720 in
1023 1659 1089 1741 ipso
1106 1675 1185 1740 quo·

95 1793 154 1855 que
176 1775 311 1855 corporis
335 1773 445 1838 decore
467 1774 533 1855 plus
556 1734 737 1853 eminetflta
758 1780 865 1854 tamen,
889 1780 922 1836 ut
941 1774 1028 1836 etiam
1045 1774 1109 1854 ipse
1124 1791 1186 1836 non

94 1889 132 1951 sit
154 1887 317 1952 adsectatus
341 1887 433 1950 decor
456 1888 599 1968 corporis,
623 1886 676 1949 sed
699 1887 848 1966 naturalis,
872 1886 1007 1967 simplex,
1030 1887 1184 1968 neglectus

93 2002 206 2085 magis,
240 2020 326 2083 quam
356 2001 520 2083 expetitus,
553 2018 613 2063 non
644 2001 784 2081 pretiosis
814 2007 845 2062 et
873 2000 1037 2064 albentibus
1068 2000 1184 2064 adiutus

93 2116 286 2195 vestimentis,
308 2114 363 2178 sed
387 2115 606 2192 communibus,
629 2120 660 2176 ut
682 2114 830 2177 honestati
853 2113 901 2176 vel
923 2113 1093 2176 necessitati
1115 2112 1185 2175 nihil

95 2230 183 2311 desit,
205 2229 277 2293 nihil
299 2229 422 2292 accedat
443 2230 540 2292 nitori.

182 2341 233 2408 84.
278 2345 345 2408 Vox
368 2346 432 2426 ipsa
454 2363 515 2408 non
537 2346 677 2423 remissa,
707 2363 769 2407 non
792 2344 901 2420 fracta,
933 2340 1005 2403 nihil
1028 2342 1185 2404 femineum

94 2476 222 2537 sonans,
252 2457 369 2538 qualem
390 2458 472 2519 multi
495 2457 647 2540 gravitatis
671 2457 772 2538 specie
795 2455 933 2518 simulare
956 2461 1186 2534 consueverunt,

94 2572 149 2637 sed
173 2572 297 2636 formam
320 2570 465 2653 quandam
487 2577 517 2633 et
538 2572 671 2654 regulam
694 2589 729 2633 ac
751 2588 854 2633 sucum
877 2568 992 2631 virilem
1017 2585 1185 2632 reservans.

93 2686 159 2750 Hoc
182 2693 229 2748 est
253 2686 330 2748 enim
350 2684 595 2768 pulchritudinem
619 2685 740 2748 vivendi
761 2692 874 2763 tenere,
897 2683 1102 2746 convenientia
1120 2683 1186 2745 cui-

94 2819 155 2882 que
177 2801 264 2863 sexui
287 2808 317 2864 et
338 2817 488 2882 personae
510 2799 648 2862 reddere.
693 2800 747 2862 llic
770 2799 845 2863 ordo
868 2804 1022 2882 gestorum
1051 2798 1186 2880 optimus,

36 2960 42 2977 .
93 2913 144 2976 hic
165 2919 287 2976 ornatus
310 2912 347 2974 ad
371 2930 487 2975 omnem
509 2912 655 2975 actionem
678 2909 898 2974 adcommodus.
944 2911 1001 2976 Sed
1031 2918 1063 2975 ut
1087 2911 1187 2975 molli-

95 3029 193 3092 culum
217 3035 246 3090 et
269 3025 424 3089 infractum
447 3034 497 3089 aut
518 3028 602 3090 vocis
625 3043 731 3090 sonum
753 3033 802 3089 aut
823 3033 940 3110 gestum
964 3027 1099 3109 corporis
1125 3043 1187 3090 non

93 3145 209 3225 probo,
239 3143 279 3205 ita
308 3158 407 3223 nequae
437 3148 586 3224 agrestem
613 3160 649 3204 ac
670 3142 819 3205 rusticum.
864 3140 1004 3204 Naturam
1026 3141 1170 3204 imitemur
1176 3161 1186 3218 3

94 3258 161 3321 eius
183 3255 299 3340 effigies
322 3255 447 3321 formula
469 3257 651 3341 disciplinae,
674 3256 800 3322 formula
822 3257 985 3321 honestatis
1010 3263 1063 3320 est.

503 3529 673 3595 CAPUT
707 3529 784 3594 XX.

95 3715 137 3768 Ad
155 3712 355 3766 conservandam
374 3716 553 3767 verecundiam
571 3715 790 3782 intemperantium
808 3712 935 3764 hominum
954 3712 1096 3777 consortia,
1120 3727 1186 3764 con·

96 3805 166 3856 vivia
185 3811 362 3856 extraneorum
381 3819 412 3855 ac
431 3802 564 3854 mulierum
586 3803 736 3855 commercia
760 3801 876 3866 vitanda3
903 3802 950 3854 aad
974 3802 1052 3852 otium
1074 3807 1187 3852 nochum

315 3891 382 3944 domi
401 3891 426 3942 in
444 3892 493 3959 piis
510 3890 672 3961 honestisque
690 3890 781 3944 studiis
798 3890 979 3944 insumendum.

186 4057 238 4124 85.
275 4061 370 4124 llahet
390 4077 463 4122 sane
485 4074 557 4121 suos
580 4058 721 4140 scopulos
743 4056 934 4137 verecundia,
956 4073 1017 4119 non
1032 4072 1108 4138 quos
1123 4056 1188 4138 ipsa

18 4190 23 4197 ·
99 4170 228 4253 invehit,
249 4171 304 4236 sed
327 4188 403 4253 quos
426 4189 517 4253 saepe
540 4171 680 4251 incurrit,
703 4171 730 4236 si
750 4169 1005 4254 intemperantium
1025 4169 1187 4236 incidamus
