2692 4666
171 297 235 365 too
618 295 815 355 sumansu

99 534 103 539 ,
169 457 326 522 batissimis
359 459 525 542 quibusque
555 460 731 524 senioribus.
777 460 911 542 Namque
932 466 965 524 ut
990 457 1155 543 aequalium
1186 474 1260 523 osus

170 571 301 655 dulcior,
322 573 363 638 ita
385 592 489 638 senum
511 574 601 638 tutior
625 581 688 654 est,
714 576 764 656 qui
787 575 959 659 magisterio
982 572 1109 656 quodam
1124 579 1155 636 et
1170 571 1261 635 ductu

169 686 247 749 vitae
277 687 390 752 colorat
420 706 521 753 rnores
552 689 782 753 adulescentium
806 697 835 752 et
857 690 939 753 velut
960 690 1073 751 rnurice
1106 686 1260 770 probitatis

169 798 267 861 inlicit.
304 800 437 880 Namque
456 803 481 863 si
501 803 540 882 hi,
564 804 695 883 quisunt
717 803 812 885 ignari
833 803 977 881 locorum,
1000 821 1067 866 cum
1088 801 1260 867 sollertibus

168 912 281 974 viarum
303 914 359 975 iter
382 912 493 976 adoriri
520 915 668 996 gestiunt,
698 915 923 998 quantomagis
953 913 1160 976 adulescentes
1192 930 1261 974 cum

168 1027 289 1090 senibus
323 1027 431 1090 debent
464 1046 573 1090 novum
607 1028 663 1090 sibi
694 1029 750 1090 iter
781 1029 860 1091 vitae
892 1027 1034 1112 adgredi,
1071 1043 1130 1108 quo
1163 1026 1259 1088 minus

168 1159 271 1204 errare
300 1143 414 1222 possint
443 1149 472 1203 et
499 1159 515 1202 a
545 1159 619 1205 vero
653 1143 768 1204 tramite
802 1142 915 1204 virtutis
949 1140 1136 1204 deflecteret
1180 1139 1260 1202 Nihil

168 1256 245 1318 enim
275 1255 441 1338 pulchrius,
475 1273 560 1337 quarn
592 1254 713 1319 eosdem
745 1262 775 1319 et
803 1257 960 1338 magistros
991 1257 1070 1317 vitae
1103 1261 1133 1316 et
1165 1259 1259 1317 testes

166 1368 286 1432 babere.

252 1479 325 1547 213.
368 1483 576 1558 Quaerendum
606 1486 693 1549 etiarn
725 1485 755 1548 in
782 1485 861 1548 ornni
891 1491 976 1563 actu,
1006 1481 1077 1565 quid
1108 1483 1259 1565 personis,

166 1596 346 1678 temporibus
377 1599 534 1663 conveniat
557 1605 645 1681 atque
667 1599 829 1679 aetatibus,
864 1597 935 1680 quid
958 1598 1044 1661 etiam
1073 1596 1259 1680 singulorum

165 1709 294 1793 ingeniis
322 1711 360 1774 sit
386 1711 620 1779 adcommodurn.
664 1714 762 1796 Saepe
795 1713 873 1776 enim
901 1709 982 1795 quod
1014 1711 1138 1775 alterum
1162 1711 1258 1792 decet,

165 1822 289 1887 alterurn
312 1842 373 1889 non
396 1825 490 1890 decet.
535 1827 623 1892 Aliud
647 1828 747 1891 iuveni
769 1832 886 1909 apturn,
909 1824 989 1890 aliud
1016 1827 1099 1904 seni3
1122 1825 1203 1889 aliud
1226 1825 1256 1889 in

164 1938 319 2018 periculis,
343 1938 421 2002 aliud
444 1941 474 2001 in
496 1940 587 2002 rebus
610 1938 758 2001 secundis.

252 2050 325 2116 214.
370 2052 492 2120 Saltavit
516 2059 583 2116 ante
606 2071 704 2118 arcam
733 2052 843 2115 domini
865 2051 977 2131 David,
998 2050 1026 2136 ¹)
1057 2069 1117 2115 non
1141 2051 1258 2115 saltavit

164 2163 281 2231 Samuel
288 2188 297 2244 ;
328 2185 385 2230 nec
412 2165 482 2229 ideo
512 2166 562 2228 ille
590 2164 807 2248 reprehensus,
837 2164 891 2228 sed
914 2165 1008 2247 magis
1031 2165 1087 2228 iste
1110 2163 1256 2229 laudatus.

164 2279 287 2344 Mutavit
309 2283 418 2345 vultum
442 2289 545 2345 contra
567 2299 689 2364 regern,
722 2282 769 2343 cui
791 2298 900 2344 nomeu
922 2279 1060 2356 Anchus3
1076 2277 1109 2364 ⁶²)
1143 2287 1172 2344 at
1197 2280 1256 2344 boc

163 2395 188 2456 si
211 2403 324 2458 remota
354 2395 474 2460 lecisset
503 2394 676 2476 tormidine,
706 2396 887 2477 quominus
911 2401 1164 2480 cognosceretur,
1195 2413 1254 2457 ne·
1332 2400 1337 2439 -·

164 2526 308 2590 quaquam
327 2510 453 2575 levitatis
470 2512 705 2599 reprehensioque
719 2530 824 2577 carere
842 2513 995 2595 potuisset.
1034 2509 1104 2575 Saul
1121 2527 1255 2592 quoque,

162 2623 286 2687 vallatus
319 2625 412 2690 choro
440 2602 668 2709 prophetarum,
701 2627 789 2690 etiam
821 2627 886 2709 ipse
917 2625 1122 2708 prophetavit,
1157 2630 1188 2686 et
1215 2622 1253 2687 de

162 2736 228 2800 solo
245 2739 328 2817 quasi
343 2738 465 2822 indigno
480 2746 673 2803 memoratum
688 2745 748 2804 est:
773 2739 814 2802 tte
827 2740 907 2802 Saul
921 2740 1001 2802 inter
1016 2739 1208 2818 propbetas!
1220 2734 1254 2821 3)

528 3009 716 3107 ΙοΑΡυΤ
749 3010 870 3078 xnrv.

161 3169 250 3227 Officio
268 3174 317 3239 sibi
336 3189 448 3244 congruo
465 3170 590 3247 quemque
615 3178 716 3230 studere
738 3186 874 3246 oportere3
898 3176 945 3229 sed
965 3176 1056 3230 multos
1075 3176 1183 3246 inpediri
1201 3195 1252 3248 pa-

191 3268 320 3315 ternorum
339 3265 480 3318 imitatione
498 3264 651 3332 studiorum,
671 3275 757 3318 contra
776 3282 849 3335 quarn
868 3266 1035 3318 ecclesiastici
1053 3267 1101 3317 viri
1118 3265 1221 3322 iaciunt.

126 3487 129 3492 .
248 3421 319 3488 215.
364 3424 573 3507 Unusquisque
596 3425 686 3508 igitur
708 3442 793 3488 suum
815 3427 966 3508 ingenium
996 3428 1131 3508 noverit,
1160 3429 1253 3492 etad

160 3535 189 3601 id
211 3556 246 3601 se
269 3539 412 3621 applicet,
437 3539 517 3620 quod
540 3540 595 3602 sibi
618 3546 717 3621 aptum
740 3540 875 3622 elegerit.
919 3540 1020 3623 ltaque
1044 3541 1251 3627 quidjsequa-

159 3656 225 3732 tur,
258 3653 339 3734 prius
373 3653 551 3717 consideret.
603 3654 728 3717 Noverit
760 3656 839 3719 bona
871 3673 941 3734 sua,
973 3654 1029 3717 sed
1060 3656 1149 3718 etiam
1180 3658 1250 3721 vitia

160 3775 324 3850 cognoscat
355 3767 568 3849 aequalemque
597 3785 631 3831 se
662 3767 789 3831 iudicem
821 3770 868 3832 sui
903 3771 1061 3850 praebeat,
1097 3775 1128 3832 ut
1162 3771 1250 3837 bonis

160 3879 306 3960 intendat,
329 3881 398 3944 vitia
421 3882 556 3946 declinet
851 3873 855 3885 ’

172 4144 178 4155 ·
230 4120 490 4198 naaman.
559 4125 588 4196 a)
608 4127 632 4182 1.
649 4126 713 4203 aas.
731 4128 776 4199 at,
796 4126 836 4183 1³.
908 4126 1148 4200 a)nu‚1o,at.
