2692 4666
136 370 158 435 2
647 368 724 421 vna

136 529 266 611 scriptor
289 528 456 611 elegantiae
478 546 614 611 pompam
637 531 778 611 requirit,
811 529 907 592 lector
931 536 1075 594 tantarum
1097 529 1237 591 virtutum

136 645 247 708 amittat
268 643 431 724 scientiam,
456 664 544 726 quem
566 663 626 710 non
643 647 737 729 magis
763 646 922 708 verborum
938 645 1076 726 phaleras
1092 663 1237 727 pompas-

135 778 194 841 que
217 778 396 838 sermonum,
421 779 507 840 quam
530 761 668 824 virtutem
684 779 784 823 rerum
799 762 984 844 gratiamque
1005 761 1126 842 spiritus
1141 761 1237 823 sancti

134 882 272 956 spectare
300 874 467 936 conveniat.
521 875 672 956 Siquidem
701 877 873 939 noverimus
907 878 1040 939 viatores
1074 879 1235 958 gratiorem

134 989 245 1053 babere
267 1008 374 1070 aquam
397 990 482 1052 brevi
503 1009 579 1053 vena
602 991 776 1069 stillantem,
808 990 887 1053 forte
911 1011 976 1054 cum
1005 992 1119 1070 sitiunt,
1148 1009 1235 1070 quam

133 1104 309 1186 profluentis
332 1103 421 1166 fontis
444 1106 535 1186 riuos,
564 1125 690 1187 quorum
714 1108 830 1187 copiam
854 1106 917 1168 sitis
942 1113 1076 1187 tempore
1100 1107 1235 1187 reperire

133 1236 194 1280 non
217 1221 351 1298 possunt.
389 1215 425 1278 Et
447 1217 635 1280 hordeaceus
658 1221 743 1300 panis
767 1218 861 1281 dulcis
885 1218 961 1281 solet
985 1238 1054 1282 esse
1078 1220 1163 1281 etiam
1187 1220 1233 1297 iis,

133 1332 184 1412 qui
206 1331 342 1393 centenis
364 1329 479 1392 uicibus
498 1327 679 1392 ferculorum
696 1331 836 1393 cotidiani
852 1332 982 1392 convivii
998 1331 1099 1411 copias
1115 1336 1234 1393 ructare

133 1451 325 1507 consuerunt.
385 1441 444 1506 Sed
486 1448 515 1504 et
555 1442 709 1506 hortorum
750 1461 874 1505 amoena
912 1444 1084 1507 mirantibus
1123 1445 1233 1506 herbae

133 1565 270 1642 agrestes
293 1556 413 1637 placere
437 1562 629 1619 consuerunt.
654 1542 658 1552 ’

220 1673 249 1738 2.
295 1672 388 1746 Quam
417 1672 454 1733 ob
484 1690 547 1733 rem
578 1673 708 1734 obsecro
731 1689 788 1734 vos
812 1690 934 1751 omnes,
965 1674 994 1734 in
1018 1691 1143 1753 quorum
1166 1691 1232 1733 ma-

131 1789 217 1850 nibus
233 1787 309 1849 liber
325 1786 380 1847 iste
397 1781 575 1860 versabitur,
592 1789 624 1844 ut
640 1783 769 1845 credatis
785 1801 858 1845 vera
875 1801 944 1846 esse
960 1803 1037 1864 quae
1048 1785 1232 1865 scripsimus,

131 1921 188 1965 nec
210 1907 293 1982 putet
315 1919 363 1962 me
386 1898 542 1979 quisquam
565 1896 662 1959 studio
679 1899 788 1960 amoris
804 1897 924 1978 aliquid,
949 1898 1030 1979 quod
1049 1898 1107 1960 side
1123 1904 1232 1977 eareat,

131 2016 287 2097 posuisse,
311 2011 550 2094 quandoquidem
573 2012 678 2074 melius
702 2013 740 2075 sit
761 2012 879 2092 penitus
903 2012 974 2074 nibil
996 2015 1114 2091 dicere,
1146 2031 1231 2094 quam

131 2130 241 2211 aliquid
270 2128 335 2191 lalsi
366 2126 522 2209 proferre,
557 2144 623 2188 cum
656 2128 783 2188 sciamus
813 2145 869 2190 nos
900 2129 1029 2191 omnium
1061 2146 1232 2190 sermonum

129 2252 301 2307 nostrorum
323 2240 492 2305 reddituros
515 2257 584 2302 esse
607 2242 760 2303 rationem.
778 2239 806 2325 ¹)
842 2243 907 2304 Nec
930 2243 1068 2322 dubitem,
1091 2243 1146 2304 etsi
1167 2260 1228 2304 non

76 2378 78 2383 ’
129 2358 165 2419 ab
190 2355 327 2420 omnibus
350 2354 457 2431 omnia,
480 2358 579 2414 tamen
600 2369 618 2414 a
642 2353 769 2416 diversis
791 2353 910 2416 diversa
924 2356 995 2418 seiri
1011 2362 1041 2418 et
1057 2374 1091 2418 ea
1108 2358 1228 2438 cognita

128 2469 279 2533 nonnullis
303 2485 388 2547 esse,
420 2486 497 2548 quae
520 2467 607 2529 etiarn
628 2468 725 2530 minus
748 2470 813 2548 ipse
835 2475 885 2531 aut
911 2469 1015 2532 audire
1044 2478 1093 2534 aut
1122 2470 1227 2533 videre

127 2587 217 2668 potui.
263 2584 347 2648 Unde
370 2603 386 2645 a
410 2582 457 2645 die
481 2582 639 2644 nativitatis
662 2582 726 2645 eius
750 2582 889 2645 narrandi
911 2584 1023 2647 initium
1046 2604 1168 2665 sumam,
1197 2592 1228 2648 ut

127 2699 221 2782 gratia
244 2699 301 2760 viri
323 2699 359 2760 ab
383 2696 568 2759 incunabulis
591 2715 667 2778 quae
691 2696 780 2759 luerit
802 2705 992 2780 agnoscatur.
1056 2768 1060 2775 ,

213 2812 242 2877 3.
280 2813 373 2896 lgitur
394 2813 493 2893 posito
515 2812 545 2872 in
568 2810 820 2874 administratione
843 2813 1051 2894 praefecturae
1067 2811 1226 2877 Galliarum

125 2936 210 3011 patre
233 2929 298 2990 eius
314 2927 475 2989 Ambrosio
498 2932 584 2989 natus
608 2935 654 2989 est
669 2927 855 3019 Ambrosius.
901 2928 958 3002 Qui
982 2928 1078 2992 iulans
1102 2930 1132 2991 in
1155 2947 1225 2992 area

125 3043 266 3124 praetorii
289 3041 319 3105 in
340 3041 493 3105 cunabulis
514 3042 629 3122 positus
653 3061 719 3104 curn
742 3040 885 3105 dormiret
908 3049 1012 3123 aperto
1038 3061 1101 3121 ore,
1125 3044 1224 3106 subito

125 3173 251 3219 examen
275 3174 362 3237 apum
385 3156 549 3218 adveniens
573 3155 679 3218 faciem
709 3158 774 3220 eius
805 3165 894 3238 atque
924 3176 959 3221 os
988 3158 1155 3239 conplevit,
1186 3158 1224 3220 ita

124 3277 156 3332 ut
177 3268 365 3352 ingrediendi
387 3269 417 3331 in
443 3286 479 3331 os
503 3269 738 3352 egrediendique
763 3269 989 3351 frequentarent
1011 3272 1101 3334 vices.
1140 3271 1224 3345 Quae

122 3389 216 3465 pater,
240 3384 290 3463 qui
312 3390 436 3465 propter
458 3401 525 3446 curn
546 3391 640 3447 matre
663 3385 710 3446 vel
733 3384 792 3447 filia
815 3383 1030 3463 deambulabat,
1054 3403 1092 3446 ne
1115 3384 1224 3467 abige-

123 3505 226 3563 rentur
256 3497 293 3559 ab
324 3497 445 3576 ancilla,
480 3516 556 3578 quae
584 3515 685 3560 curam
714 3497 862 3561 nutriendi
892 3496 1011 3561 infantis
1039 3505 1223 3580 susceperat,

123 3612 284 3693 prohibens
307 3607 452 3695 (sollicita
469 3613 546 3674 enim
563 3619 636 3691 erat,
660 3632 699 3674 ne
714 3612 818 3696 infanti
833 3609 1008 3695 nocerent),
1032 3615 1223 3694 exspectabat

123 3726 219 3806 patrio
242 3724 367 3803 allectu,
395 3741 455 3804 quo
478 3723 537 3787 fine
559 3723 630 3787 illud
653 3722 826 3787 miraculum
849 3724 1047 3789 clauderetur.
1092 3727 1132 3789 At
1154 3727 1222 3790 illae

122 3845 190 3921 post
212 3837 422 3920 aliquantulum
445 3836 602 3900 evolantes
624 3837 655 3899 in
687 3842 794 3901 tantam
824 3839 904 3899 aeris
933 3838 1115 3902 altitudinem
1145 3843 1221 3904 sub-

121 3951 238 4017 levatae
259 3959 339 4032 sunt,
362 3957 393 4016 ut
415 3950 550 4015 humanis
573 3950 669 4015 oculis
692 3949 811 4013 minime
832 3950 1015 4016 viderentur.
1055 3954 1121 4028 Quo
1142 3953 1221 4018 facto

192 4193 222 4266 1)
239 4192 325 4250 mus.
344 4193 386 4262 ra,
404 4191 446 4247 ar.
