2692 4666
179 318 242 384 158
628 320 653 373 S.
673 319 830 376 Anthostl
870 326 881 347 ⁶

266 472 336 540 103.
381 477 573 542 Commendat
595 479 758 561 plerosque
782 483 869 545 etiam
892 483 1084 564 hospitalitas.
1121 484 1178 549 Est
1199 487 1276 550 enirn

175 589 292 671 publica
315 592 433 672 species
455 593 659 673 humanitatis,
685 600 718 657 ut
739 595 918 678 peregrinus
942 596 1069 678 hospitio
1091 615 1153 661 non
1177 594 1277 685 egent,

174 704 351 784 suscipiatur
382 704 531 785 officiose,
562 711 662 787 pateat
691 705 862 770 advenienti
892 709 989 771 ianua.
1034 709 1128 772 Valde
1156 709 1186 774 id
1218 710 1277 775 de·

175 833 277 879 corum
307 817 395 880 totius
420 823 466 881 est
488 817 569 881 orbis
593 818 832 898 existimatione,
865 821 1046 902 peregrinos
1069 840 1136 885 cum
1158 824 1277 887 honoro

174 929 338 1009 suscipere,
360 948 422 993 non
444 928 552 992 deesse
575 947 697 993 mensae
721 929 928 1010 hospitalitatis
951 933 1087 1014 gratiam,
1112 950 1276 1001 coemere

174 1039 279 1103 officiis
302 1041 502 1122 liberalitatis,
526 1041 686 1123 explorare
708 1042 855 1105 adventus
877 1042 1033 1124 hospitum.

262 1152 333 1219 104.
377 1154 464 1229 Quod
480 1153 620 1217 Abrahae
642 1155 722 1217 laudi
745 1161 790 1216 est
813 1154 920 1235 datum,
937 1153 968 1239 Ι)
992 1158 1042 1238 qui
1064 1164 1135 1220 ante
1157 1160 1276 1225 hum

173 1281 256 1330 suam
279 1269 500 1350 speculabatur,
532 1286 571 1329 ne
594 1266 673 1330 forte
700 1269 878 1349 praeteriret
905 1270 1086 1351 peregrinus
1114 1252 1228 1351 altorff
1243 1274 1276 1335 et

172 1379 331 1464 diligenter
353 1380 566 1461 praetendebat
588 1380 740 1457 excubias,
763 1386 796 1442 ut
815 1383 999 1460 occurreret,
1022 1386 1055 1444 ut
1069 1382 1272 1463 praeueniret,

172 1499 205 1557 ut
226 1499 358 1576 rogaret,
382 1511 421 1555 ne
442 1493 581 1555 transiret
608 1492 729 1574 hospes,
754 1492 874 1554 dicens:
891 1489 923 1573 ¹²)
946 1494 1091 1570 Domine,
1114 1494 1146 1556 si
1168 1494 1273 1556 treceni

171 1607 308 1685 pralium
330 1614 402 1667 cate
425 1613 464 1681 te,
489 1624 527 1665 ne
546 1605 753 1684 praeterieris
772 1624 904 1684 puerum
927 1614 1019 1668 tuum.
1063 1606 1103 1670 Et
1123 1607 1194 1670 ideo
1218 1625 1272 1689 pro

171 1717 375 1799 hospitalitatis
398 1709 539 1779 mercede
561 1716 688 1780 iructum
711 1719 892 1800 posteritatis
914 1720 1038 1800 recepit.
1073 1736 1076 1743 ·

261 1827 332 1897 105.
374 1829 432 1893 Lot
448 1825 480 1913 ³)
503 1847 624 1910 quoque
646 1848 742 1912 nepos
766 1831 831 1893 eius
854 1848 913 1891 non
934 1829 1031 1894 solum
1053 1846 1188 1910 genere,
1218 1826 1273 1892 sed

171 1942 258 2006 etiam
281 1941 389 2005 virtute
412 1940 566 2022 proximus
587 1946 711 2021 propter
733 1940 937 2020 hospitalitatis
965 1938 1102 2004 allectum
1125 1939 1268 2005 Sodomi-

170 2061 238 2118 tana
261 2073 278 2117 a
301 2072 336 2117 se
357 2054 479 2134 suisque
505 2052 649 2134 supplicia
676 2051 808 2115 detorsit.

259 2165 331 2231 106.
377 2168 473 2228 Decet
501 2167 592 2248 igitur
620 2164 796 2249 hospitalem
827 2182 915 2244 esse,
946 2164 1124 2248 benignum,
1152 2167 1271 2244 iustum,

168 2296 229 2342 non
252 2277 340 2341 alieni
363 2277 511 2359 cupidum,
535 2278 623 2341 immo
639 2277 750 2343 dar-suo
771 2279 836 2340 iure
859 2277 1016 2362 cedentem
1038 2279 1138 2359 potius
1160 2278 1268 2359 eliqua,

167 2389 305 2454 siluerit
330 2389 503 2469 lacessitus,
534 2408 620 2471 quam
652 2389 747 2452 aliena
778 2391 842 2452 iura
872 2390 1058 2470 pulsantem,
1091 2387 1268 2470 fugitantem

166 2501 276 2582 litium,
299 2502 510 2566 abhorrentem
526 2521 542 2564 a
558 2502 679 2585 iurgiis,
702 2500 895 2565 redimentem
919 2502 1109 2565 concordiam
1133 2507 1165 2563 et
1182 2507 1269 2563 trau-

167 2612 314 2696 quillitatis
336 2613 471 2697 gratiam.
515 2611 666 2694 Siquidem
682 2610 720 2674 de
736 2629 792 2675 suo
816 2614 881 2674 iure
903 2614 999 2676 virum
1022 2614 1132 2711 bonpm
1155 2611 1269 2695 aliquid

165 2726 321 2804 relaxare,
351 2742 411 2788 non
435 2723 532 2786 solum
553 2721 755 2801 liberalitatis,
786 2721 840 2784 sed
862 2721 1037 2805 plerumque
1068 2722 1156 2784 etiam
1178 2738 1267 2785 come

166 2836 315 2901 meditatis
338 2842 391 2899 cst.
436 2836 562 2899 Primum
585 2834 741 2917 dispendio
764 2834 823 2899 litis
846 2850 952 2898 carere
968 2850 1033 2897 non
1050 2832 1205 2897 mediocre
1221 2839 1267 2897 est

166 2948 296 3023 lucrum;
326 2922 436 3009 deinde
457 2946 571 3010 accedit
594 2946 631 3009 ad
655 2946 781 3010 fructum
803 2946 884 3027 quod
908 2953 1036 3029 augetur
1057 2945 1204 3025 amicitia,
1228 2963 1266 3008 ex

166 3077 225 3141 qua
247 3058 383 3122 oriuntur
404 3058 549 3139 plurimae
575 3058 816 3139 commoditates,
843 3077 921 3139 quae
943 3056 1146 3121 contemnenti
1167 3057 1265 3138 abque

160 3173 196 3235 iu
219 3177 355 3253 tempore
377 3177 483 3252 postea
505 3170 677 3237 fructuosae
700 3180 796 3236 erunt
1059 3234 1062 3239 ,

255 3279 326 3348 107.
370 3283 403 3344 ln
426 3283 532 3348 officiis
553 3292 652 3348 autem
673 3284 867 3366 hospitalibus
898 3281 1036 3346 omnibus
1060 3280 1184 3361 quidem
1204 3280 1264 3343 hu-

164 3395 288 3461 manitas
311 3395 496 3477 impartienda
519 3402 583 3475 est,
604 3396 689 3459 iustis
711 3400 810 3458 autem
830 3393 952 3456 uberior
974 3389 1139 3455 deferenda
1159 3389 1264 3455 hono-

164 3511 325 3588 rificentia3
339 3505 373 3591 ⁴)
407 3510 590 3589 patrumque
627 3508 708 3569 enim
741 3508 855 3570 turtum
887 3503 1041 3583 receperit
1073 3502 1108 3564 iss
1139 3503 1264 3567 aoniae

164 3622 253 3701 iasa,
276 3621 444 3686 mercedem
458 3620 535 3682 torti
549 3619 690 3699 accipiet,
713 3623 746 3680 ut
768 3615 904 3681 domina
923 3610 1133 3696 pronuntiauit
1170 3611 1264 3677 Tanta

165 3738 211 3796 cst
233 3733 312 3796 enim
333 3730 412 3814 apud
435 3728 523 3792 deum
546 3729 752 3812 hospitalitatis
772 3727 886 3809 gratia,
921 3730 952 3789 ut
970 3744 1009 3791 na
1031 3727 1119 3806 potus
1141 3722 1264 3805 quidem

167 3891 369 3902 ———.-—....——-

236 3992 507 4065 1)Geu.18,1seq.
560 3994 590 4062 2)
608 3993 708 4048 ibide.
723 3993 747 4045 3.
781 3991 910 4063 smil.
931 3987 1072 4057 19,1seq.
1126 3988 1157 4058 1)
1175 3987 1264 4044 utana

165 4079 209 4147 10,
226 4080 258 4132 41
277 4096 333 4150 seq.
