2692 4666
129 347 195 411 220
580 338 606 390 s,
624 337 780 391 Attssttoffll

219 499 288 567 128.
334 501 411 566 Sane
435 501 460 563 si
483 517 610 562 necesse
634 499 672 560 sit
695 497 796 560 dicere
819 497 1036 578 testimonium,
1061 499 1087 562 si
1110 499 1183 581 quid
1202 501 1231 565 in

128 617 223 681 amico
253 616 316 678 vitii
348 613 544 697 cognoverit,
579 611 733 692 corripere
767 610 903 685 occulte3
938 608 963 670 si
996 628 1058 672 non
1092 611 1231 693 audierit,

128 729 282 810 corripere
305 727 416 810 palam;
450 732 519 788 sunt
541 725 619 787 enim
642 724 740 785 bonae
772 722 978 804 correptiones
1002 730 1032 785 et
1054 725 1232 807 plerumque

128 842 285 919 meliores,
316 858 402 921 quam
434 840 520 901 tacita
551 838 685 899 amicitia.
730 835 768 897 Et
789 836 815 897 si
838 834 917 897 laedi
941 853 975 897 se
996 843 1080 917 putet
1107 839 1231 918 amicus,

127 961 158 1017 tu
180 960 278 1016 tamen
307 954 441 1033 corripe3
478 954 555 1015 etsi
579 951 743 1014 amaritudo
775 952 973 1034 correptionis
1005 951 1135 1014 animum
1165 952 1230 1015 eius

126 1068 281 1144 vulneret,
317 1072 348 1128 tu
371 1071 467 1127 tamen
503 1065 639 1146 corripe,
673 1082 712 1125 ne
744 1065 887 1126 verearis.
938 1063 1131 1126 Tolerabilior
1156 1072 1232 1126 sunt

127 1181 205 1243 enim
229 1180 321 1240 amici
345 1179 494 1254 uulnera,
529 1196 620 1257 quom
644 1177 838 1240 adulantium
862 1178 978 1240 osculo.
1000 1173 1027 1259 ¹)
1071 1175 1230 1239 Errantem

127 1293 218 1376 igitur
241 1294 364 1354 amicum
387 1292 522 1371 corripe,
546 1292 735 1353 innocentem
758 1291 883 1353 amicum
905 1309 944 1353 ne
968 1290 1102 1353 deseras.
1140 1289 1229 1353 Con-

126 1411 207 1467 stans
233 1405 309 1466 enim
333 1403 422 1465 debet
452 1420 520 1464 esse
554 1403 697 1482 amicitia,
729 1421 928 1485 perseverare
952 1404 981 1464 in
1004 1401 1131 1480 allectu;
1166 1421 1229 1466 non

125 1517 229 1599 puerili
259 1516 348 1579 modo
379 1516 490 1577 amicos
520 1520 633 1577 mutare
653 1533 731 1598 vaga
754 1514 879 1596 quadam
903 1514 1046 1578 debemus
1070 1516 1228 1580 sententia.

216 1624 288 1691 129.
333 1629 425 1709 Aperi
448 1636 552 1710 pectus
576 1634 657 1691 tuum
680 1629 792 1707 amico,
816 1636 847 1691 ut
869 1629 963 1692 fidelis
988 1629 1026 1690 sit
1048 1629 1100 1690 tibi
1124 1634 1154 1690 et
1174 1647 1229 1691 ca-

127 1741 191 1822 pias
216 1759 256 1802 ex
275 1760 311 1803 eo
332 1742 412 1802 vitae
436 1748 503 1803 tuae
526 1740 744 1803 iucunditatem.
790 1740 900 1804 Fidelis
923 1742 1000 1804 enim
1025 1742 1137 1803 amicus
1161 1760 1229 1803 me-

125 1852 320 1916 dicamentum
344 1861 390 1915 est
412 1856 491 1916 vitae
508 1851 539 1936 ¹²]
569 1861 598 1916 et
622 1854 837 1917 inmortalitatis
866 1856 969 1936 gratia.
1015 1853 1109 1917 Deler
1131 1855 1227 1918 arnico

125 1974 158 2029 ut
180 1967 305 2046 aequali,
328 1985 385 2028 nec
408 1972 438 2026 te
460 1965 579 2045 pudeat,
602 1972 635 2027 ut
656 1967 834 2046 praevenias
857 1966 982 2027 amicum
1006 1965 1121 2041 oiirci03
1149 1966 1228 2027 arni·

125 2081 192 2142 citia
227 2081 304 2141 enim
340 2080 434 2140 nescit
468 2079 644 2159 superbiam.
674 2080 772 2142 'ldeo
808 2081 886 2142 enim
923 2081 1043 2160 sapiens
1081 2079 1167 2141 dicit:
1194 2075 1227 2160 ³)

123 2192 264 2254 Amicum
295 2193 436 2253 solutore
465 2210 528 2252 non
562 2191 738 2254 erubescas.
783 2192 847 2255 Nec
881 2191 1004 2254 deseras
1039 2193 1166 2256 amicum
1196 2193 1228 2256 in

123 2304 320 2380 necessitate,
350 2321 407 2364 nec
435 2301 622 2382 derelinquas
646 2322 730 2382 eum,
765 2322 864 2384 neque
895 2304 1054 2383 destituas,
1085 2306 1228 2386 quoniam

123 2417 249 2477 amicitia
273 2417 351 2477 vitae
376 2415 574 2477 adiumentum
600 2421 653 2478 est.
699 2417 769 2479 Ideo
801 2436 893 2481 onera
925 2426 1027 2482 nostra
1056 2427 1226 2500 portemus,

124 2530 200 2590 sicut
223 2527 376 2608 apostolus
400 2529 518 2604 docuit3
536 2526 567 2611 ⁴]
594 2529 669 2591 dicit
693 2532 771 2591 enim
795 2532 856 2609 his,
890 2549 966 2611 quos
991 2531 1125 2596 eiusdem
1150 2553 1226 2597 cor-

122 2642 205 2723 poris
238 2642 385 2721 conplexa
420 2646 465 2700 est
498 2641 612 2701 caritas.
657 2641 773 2702 Etenim
809 2644 834 2703 si
869 2643 953 2704 amici
987 2644 1140 2707 secundae
1174 2661 1225 2706 res

124 2758 234 2816 amicos
259 2754 410 2830 adiuvant,
435 2770 489 2814 cur
512 2772 572 2815 non
589 2761 619 2814 et
635 2754 663 2814 iu
680 2755 816 2816 adversis
839 2756 924 2816 amici
946 2755 1037 2817 rebus
1061 2755 1226 2817 anticorum

122 2867 321 2929 adiumentum
352 2867 511 2947 suppetat?
556 2866 692 2929 iuvemus
724 2869 867 2948 consilio,
900 2869 1089 2932 conferamus
1116 2869 1223 2946 studia,

123 2982 324 3061 compatiamur
346 2981 462 3043 allecto.

212 3091 281 3156 130.
328 3094 357 3156 Si
381 3113 508 3156 necesse
535 3102 598 3171 est,
628 3094 791 3156 toleremus
823 3100 946 3176 propter
977 3096 1100 3157 amicum
1136 3097 1222 3159 etiam

123 3225 237 3288 aspera.
283 3206 460 3287 Plerumque
492 3208 661 3269 inimicitiae
691 3209 864 3270 subeundae
895 3215 963 3270 sunt
986 3214 1110 3289 propter
1137 3210 1223 3271 amici

121 3321 337 3397 innocentiam,
369 3337 460 3399 saepe
492 3319 742 3396 obtrectationes,
776 3320 801 3379 si
833 3320 978 3382 restiteris
1010 3321 1059 3381 vel
1089 3337 1221 3401 respou-

122 3432 218 3510 deris,
251 3450 317 3494 curn
348 3435 459 3494 amicus
490 3433 623 3512 argtritur
653 3440 683 3494 et
709 3440 875 3493 accusatur.
921 3433 983 3494 Nec
1014 3439 1043 3493 te
1072 3436 1222 3514 paeniteat

121 3546 265 3607 eiusmodi
289 3545 480 3621 offensionis3
516 3548 583 3607 iusti
608 3548 685 3607 enim
710 3565 771 3608 vox
795 3542 906 3628 est:⁵)
941 3546 1010 3607 Etsi
1036 3550 1122 3610 mata
1146 3549 1219 3609 mibi

120 3660 291 3734 evenerint,
312 3667 441 3738 propter·
463 3660 593 3720 amicum
613 3661 764 3720 sustineo.
804 3658 833 3720 ln
854 3660 989 3720 adversis
1010 3661 1088 3722 enim
1108 3664 1218 3723 airricus

121 3773 280 3851 probatur-3
305 3775 422 3834 namin
448 3775 604 3854 prosperis
628 3776 712 3835 amici
737 3792 840 3836 omnes
864 3775 1009 3835 videntur.
1055 3775 1114 3838 Sed
1138 3780 1169 3837 ut
1190 3777 1218 3836 in

130 3932 323 3942 ———-—-—

193 4037 219 4101 1)
239 4036 312 4088 Prov.
333 4038 376 4103 27,
396 4038 421 4091 6.
492 4041 520 4103 2)
540 4040 664 4108 Siracb,
684 4042 724 4095 16.
799 4042 828 4109 3)
847 4042 910 4094 ibid.
929 4043 972 4108 22,
991 4042 1034 4094 25.
1115 4044 1145 4107 t)
1164 4040 1215 4093 (tat.

121 4123 146 4191 6,
165 4123 189 4176 2.
259 4125 288 4189 5)
325 4125 404 4180 sirac.
423 4128 467 4195 22,
486 4128 528 4184 26.
