2692 4666
186 305 248 371 128
505 374 515 391 Ψ
626 304 652 358 s.
670 302 825 359 nuanosu

181 465 301 528 vitatem
325 465 465 530 exhibant
487 467 705 548 conscientiae,
736 475 767 531 et
789 466 858 532 iden
885 467 995 532 indicia
1018 474 1082 549 est,
1113 467 1197 550 quad
1219 487 1280 535 nnn

180 578 290 644 minuat
312 579 400 645 dolor
420 581 538 646 virtutis
560 579 749 663 voluptatem.
793 581 874 646 Sicut
897 599 973 664 ergo
996 581 1075 644 nulia
1096 581 1202 645 virtuti
1222 581 1280 645 de-

181 695 281 759 cessio
309 695 498 760 beatitudinis
520 694 752 778 perdolatum,
782 695 822 758 ita
847 697 933 758 etiam
955 696 1035 760 nulla
1063 695 1203 761 accessio
1224 714 1282 780 per

179 809 359 892 voluptatem
390 813 527 894 corporis
561 819 610 876 aut
645 810 868 874 commodorum
902 811 1036 895 gratiam.
1088 811 1136 885 De
1171 811 1280 894 quibus

180 923 304 1005 pulchre
320 925 474 1007 apostolus
496 928 552 989 ait:
569 925 593 1006 ¹)
618 925 703 1003 Quae
725 926 801 989 mibi
825 927 915 989 luera
935 925 1082 1004 fueraut·
1096 926 1176 989 baec
1198 926 1281 989 duat

177 1046 308 1118 propter
344 1039 499 1103 Christum
533 1040 716 1101 detrimenta
750 1058 830 1128 erae.
869 1037 906 1099 Et
939 1035 1066 1100 addidit:
1081 1033 1115 1120 ²)
1146 1037 1280 1117 Propter

181 1169 269 1230 quem
292 1151 396 1214 amnia
420 1151 536 1214 damna
559 1152 639 1212 duci
661 1158 691 1212 et
713 1151 843 1213 aestima
874 1157 1034 1228 stercora,
1063 1159 1099 1213 ut
1121 1149 1280 1215 Cbristum

181 1265 386 1347 lucrifaciam.

269 1377 317 1443 13.
362 1379 496 1461 Denique
527 1377 648 1460 Moyses
680 1375 816 1439 damnum
848 1395 932 1440 suum
964 1377 1090 1441 credidit
1119 1377 1279 1441 thesauros

182 1510 250 1556 esse
273 1493 491 1578 Aegyptiorum
524 1499 554 1555 et
581 1494 773 1585 approbrium
805 1494 970 1556 dominicae
1000 1495 1097 1556 crucis
1126 1495 1278 1575 praetulit,

180 1624 237 1668 nec
259 1612 329 1667 tunc
353 1604 455 1683 dives,
489 1624 554 1668 cum
578 1605 742 1669 abundaret
771 1607 915 1687 pecnnia,
945 1624 1002 1667 nec
1025 1613 1129 1689 postea
1151 1627 1277 1690 pauper,

181 1737 246 1781 cum
270 1724 375 1802 egeret
396 1719 545 1798 alimento,
568 1718 626 1781 nisi
642 1719 719 1782 inrte
735 1727 804 1780 tunc
826 1719 912 1782 alicui
935 1721 1032 1783 miuus
1053 1722 1160 1784 beatus
1185 1721 1278 1785 vide-

179 1840 265 1897 retur
287 1833 395 1914 inisse,
420 1853 485 1897 cum
508 1835 537 1896 in
560 1832 682 1897 deserto
706 1832 852 1897 cutidiana
876 1835 1012 1897 alimonia
1036 1836 1093 1898 sibi
1114 1843 1144 1898 et
1164 1837 1279 1918 pupulo

180 1964 236 2012 suc
260 1947 384 2011 deforet.
429 1948 489 2013 Sed
512 1947 592 2031 quud
615 1950 720 2013 summi
742 1950 813 2012 boni
836 1968 871 2012 ac
894 1949 1082 2012 beatitudinis
1104 1969 1193 2015 neme
1219 1970 1279 2015 ne·

180 2081 255 2146 gare
277 2061 401 2143 audeat,
431 2065 606 2142 mennaei,
639 2063 779 2144 honest,
810 2065 895 2146 panis
918 2065 1092 2148 angelorum
1123 2067 1278 2130 ministra-

179 2176 266 2241 batur
288 2194 306 2239 e
328 2176 428 2256 caelo,
466 2196 572 2240 carnes
602 2196 723 2259 quoqne
753 2176 898 2241 cotidiana
929 2179 1029 2260 pluvia
1059 2179 1150 2243 tutius
1182 2181 1279 2262 plebis

181 2292 277 2374 epulis
299 2290 512 2355 redundabant.
530 2290 563 2377 ³)

271 2402 318 2469 14.
363 2406 465 2470 Heliae
498 2425 618 2488 quoque
649 2413 752 2469 sanctu
785 2407 869 2488 panis
896 2405 932 2468 ad
959 2409 1067 2468 victum
1098 2403 1220 2486 deerat,
1253 2409 1278 2470 si

182 2528 377 2605 quaereretur
384 2544 393 2599 ;
417 2520 471 2585 sed
493 2541 553 2584 unu
577 2521 731 2585 videbatur
754 2521 870 2601 deesse,
895 2522 962 2602 quia
985 2538 1046 2583 non
1069 2520 1276 2601 quaerebatur.

181 2635 282 2718 ltaque
305 2636 412 2699 diurno
435 2653 595 2698 corvorum
618 2635 764 2715 obsequio
788 2653 873 2697 mane
895 2635 989 2715 panis,
1014 2651 1083 2696 earo
1106 2632 1144 2696 ad
1163 2651 1276 2716 vespe-

180 2769 243 2814 ram
267 2750 464 2814 deferebatur.
482 2745 514 2832 4)
558 2747 706 2830 Numquid
737 2747 805 2811 ideo
835 2748 930 2810 minus
959 2748 1080 2826 beatus,
1113 2748 1182 2828 quia
1214 2753 1277 2810 erat

180 2882 293 2946 pauper
316 2864 395 2927 sibi?
428 2863 555 2926 Minime.
600 2862 690 2925 Immo
714 2881 751 2925 eo
774 2863 868 2953 magis
891 2864 1012 2941 beatus,
1035 2861 1104 2943 quia
1126 2869 1191 2925 erat
1217 2862 1275 2926 dea

181 2974 274 3039 dives.
319 2975 394 3038 Aliis
425 2975 520 3053 enim,
551 2994 637 3057 quarn
661 2975 717 3038 sibi
741 2974 859 3037 divitem
889 2992 958 3038 esse
987 2980 1131 3056 praestat,
1164 2982 1198 3039 ut
1220 2978 1275 3040 iste

182 3097 262 3170 erat,
294 3091 343 3171 qui
375 3096 509 3170 tempure
540 3088 624 3152 famis
656 3089 752 3152 cibum
774 3107 791 3152 a
816 3088 903 3151 vidua
933 3088 1069 3171 petebat,
1103 3090 1275 3174 largiturus

180 3212 213 3269 ut
234 3204 340 3288 hydria
369 3204 481 3267 farinae
503 3222 558 3285 per
580 3204 736 3266 triennium
759 3209 789 3265 et
810 3221 866 3266 sex
889 3221 1008 3267 menses
1040 3221 1100 3267 non
1133 3203 1276 3269 deficeret

175 3326 213 3384 et
241 3318 406 3382 cotidianus
436 3337 508 3382 usus
539 3319 598 3382 ulei
629 3337 682 3382 vas
711 3319 817 3382 viduae
850 3319 930 3400 inopi
955 3317 1107 3382 sufficeret
1128 3338 1164 3382 ac
1186 3320 1275 3383 mini-

181 3436 295 3496 straret.
313 3428 345 3516 ὅ)
389 3430 495 3495 Merita
519 3432 558 3494 ibi
581 3431 701 3496 valebat
721 3432 825 3496 Petrus
848 3449 934 3510 esse,
968 3432 1018 3495 ubi
1040 3432 1114 3497 istas
1145 3432 1274 3497 videbat

180 3545 286 3609 Merito
308 3545 339 3608 in
360 3551 461 3608 monte
490 3565 554 3610 num
578 3545 694 3610 Christe
723 3546 753 3609 in
776 3546 872 3629 gloria
903 3554 1119 3628 apparuerunt,
1153 3549 1223 3630 quia
1247 3553 1275 3612 et

181 3664 247 3744 ipse
269 3679 383 3743 pauper
405 3659 501 3725 faetus
524 3667 588 3741 est,
612 3681 678 3724 cum
701 3661 785 3725 dives
809 3668 898 3724 esset.
915 3657 947 3744 6)

273 3772 321 3840 15.
365 3774 484 3839 Nullum
502 3793 577 3858 ergo
597 3775 803 3839 adminiculum
825 3781 977 3859 praestant
999 3774 1119 3839 divitiae
1134 3775 1172 3839 ad
1187 3777 1275 3840 vitam

187 3895 392 3904 ...ι-*-

253 3947 280 4013 1)
299 3946 362 4000 Phit.
382 3948 407 4014 ³,
427 3949 443 3999 7
461 3965 514 4020 seq.
603 3949 728 4020 2)1tebr.
748 3949 790 4016 11,
809 3949 851 4001 26.
941 3947 969 4014 3)
987 3947 1069 4032 Ειοά.
1090 3947 1131 4014 16,
1152 3947 1184 4000 13
1203 3966 1275 4020 seqq.

181 4033 254 4088 Num.
274 4035 317 4102 11,
335 4035 366 4086 31
388 4052 459 4106 seqq.
481 4045 507 4089 et
524 4037 614 4092 Psalm.
635 4037 678 4106 77,
698 4038 739 4092 27.
820 4034 973 4106 d)3.1ieg.
995 4035 1036 4101 17,
1054 4035 1078 4088 6.
1162 4037 1191 4106 5)
1210 4035 1273 4090 lbid.

181 4138 206 4176 v.
226 4123 266 4176 11.
337 4122 365 4189 6)
383 4122 470 4178 biattb.
491 4125 533 4191 17,
552 4126 576 4178 4.
