<?xml version="1.0" encoding="UTF-8"?>
<!DOCTYPE html PUBLIC "-//W3C//DTD XHTML 1.0 Transitional//EN"
    "http://www.w3.org/TR/xhtml1/DTD/xhtml1-transitional.dtd">
<html xmlns="http://www.w3.org/1999/xhtml" xml:lang="en" lang="en">
 <head>
  <title>
</title>
<meta http-equiv="Content-Type" content="text/html;charset=utf-8" />
  <meta name='ocr-system' content='tesseract 3.04.00' />
  <meta name='ocr-capabilities' content='ocr_page ocr_carea ocr_par ocr_line ocrx_word'/>
</head>
<body>
  <div class='ocr_page' id='page_1' title='image "./deofficiisminis00krabgoog_0196.png"; bbox 0 0 2692 4666; ppageno 0'>
   <div class='ocr_carea' id='block_1_1' title="bbox 307 315 1169 387">
    <p class='ocr_par' dir='ltr' id='par_1_1' title="bbox 307 315 1169 387">
     <span class='ocr_line' id='line_1_1' title="bbox 307 315 1169 387; baseline 0.001 -14"><span class='ocrx_word' id='word_1_1' title='bbox 307 320 353 373; x_wconf 82' lang='lat' dir='ltr'><strong>llll</strong></span> <span class='ocrx_word' id='word_1_2' title='bbox 373 318 511 374; x_wconf 74' lang='lat' dir='ltr'><strong>armans</strong></span> <span class='ocrx_word' id='word_1_3' title='bbox 529 315 753 373; x_wconf 79' lang='lat' dir='ltr'><strong>ttmlsruoatttr</strong></span> <span class='ocrx_word' id='word_1_4' title='bbox 771 316 869 372; x_wconf 82' lang='lat' dir='ltr'>LIBER</span> <span class='ocrx_word' id='word_1_5' title='bbox 886 316 927 370; x_wconf 85' lang='lat'>111.</span> <span class='ocrx_word' id='word_1_6' title='bbox 1107 319 1169 387; x_wconf 75' lang='grc'><strong>179</strong></span> 
     </span>
    </p>
   </div>
   <div class='ocr_carea' id='block_1_2' title="bbox 66 477 1256 3836">
    <p class='ocr_par' dir='ltr' id='par_1_2' title="bbox 66 477 1256 3836">
     <span class='ocr_line' id='line_1_2' title="bbox 66 477 1171 564; baseline -0.005 -18"><span class='ocrx_word' id='word_1_7' title='bbox 66 483 158 560; x_wconf 82' lang='lat' dir='ltr'><strong>dam,</strong></span> <span class='ocrx_word' id='word_1_8' title='bbox 192 483 289 545; x_wconf 89' lang='lat' dir='ltr'><strong>statim</strong></span> <span class='ocrx_word' id='word_1_9' title='bbox 323 481 466 544; x_wconf 84' lang='lat' dir='ltr'><strong>subiecit:</strong></span> <span class='ocrx_word' id='word_1_10' title='bbox 494 477 522 564; x_wconf 80' lang='lat'><strong>¹]</strong></span> <span class='ocrx_word' id='word_1_11' title='bbox 561 479 751 561; x_wconf 83' lang='lat' dir='ltr'><strong>Oaioamqae</strong></span> <span class='ocrx_word' id='word_1_12' title='bbox 784 499 858 563; x_wconf 81' lang='lat' dir='ltr'><strong>erpo</strong></span> <span class='ocrx_word' id='word_1_13' title='bbox 887 479 1024 561; x_wconf 73' lang='lat' dir='ltr'><strong>perfecti</strong></span> <span class='ocrx_word' id='word_1_14' title='bbox 1056 497 1171 542; x_wconf 78' lang='lat' dir='ltr'><strong>eamne.</strong></span> 
     </span>
     <span class='ocr_line' id='line_1_3' title="bbox 66 591 1172 676; baseline -0.002 -18"><span class='ocrx_word' id='word_1_15' title='bbox 66 596 189 676; x_wconf 85' lang='lat' dir='ltr'>Duplex</span> <span class='ocrx_word' id='word_1_16' title='bbox 212 595 290 657; x_wconf 89' lang='lat' dir='ltr'><strong>enim</strong></span> <span class='ocrx_word' id='word_1_17' title='bbox 314 593 409 657; x_wconf 85' lang='lat' dir='ltr'><strong>forma</strong></span> <span class='ocrx_word' id='word_1_18' title='bbox 432 592 644 675; x_wconf 85' lang='lat' dir='ltr'><strong>perfeetionis:</strong></span> <span class='ocrx_word' id='word_1_19' title='bbox 668 592 724 656; x_wconf 87' lang='lat' dir='ltr'><strong>ulia</strong></span> <span class='ocrx_word' id='word_1_20' title='bbox 749 591 878 671; x_wconf 88' lang='lat' dir='ltr'><strong>medios,</strong></span> <span class='ocrx_word' id='word_1_21' title='bbox 902 594 959 658; x_wconf 91' lang='lat' dir='ltr'><strong>alia</strong></span> <span class='ocrx_word' id='word_1_22' title='bbox 981 593 1088 675; x_wconf 93' lang='lat' dir='ltr'><strong>plenos</strong></span> <span class='ocrx_word' id='word_1_23' title='bbox 1110 610 1172 656; x_wconf 90' lang='lat' dir='ltr'><strong>nu·</strong></span> 
     </span>
     <span class='ocr_line' id='line_1_4' title="bbox 68 705 1173 787; baseline -0.005 -15"><span class='ocrx_word' id='word_1_24' title='bbox 68 728 172 773; x_wconf 91' lang='lat' dir='ltr'><strong>meros</strong></span> <span class='ocrx_word' id='word_1_25' title='bbox 195 708 326 786; x_wconf 89' lang='lat' dir='ltr'><strong>habens;</strong></span> <span class='ocrx_word' id='word_1_26' title='bbox 350 709 405 771; x_wconf 90' lang='lat' dir='ltr'><strong>alia</strong></span> <span class='ocrx_word' id='word_1_27' title='bbox 429 707 487 786; x_wconf 91' lang='lat' dir='ltr'><strong>hio,</strong></span> <span class='ocrx_word' id='word_1_28' title='bbox 511 708 567 770; x_wconf 91' lang='lat' dir='ltr'><strong>alia</strong></span> <span class='ocrx_word' id='word_1_29' title='bbox 591 707 651 784; x_wconf 90' lang='lat' dir='ltr'><strong>ibi;</strong></span> <span class='ocrx_word' id='word_1_30' title='bbox 674 707 729 770; x_wconf 88' lang='lat' dir='ltr'><strong>alia</strong></span> <span class='ocrx_word' id='word_1_31' title='bbox 744 705 908 770; x_wconf 85' lang='lat' dir='ltr'><strong>seeundum</strong></span> <span class='ocrx_word' id='word_1_32' title='bbox 924 706 1051 768; x_wconf 91' lang='lat' dir='ltr'><strong>hominis</strong></span> <span class='ocrx_word' id='word_1_33' title='bbox 1067 706 1173 787; x_wconf 91' lang='lat' dir='ltr'><strong>possi·</strong></span> 
     </span>
     <span class='ocr_line' id='line_1_5' title="bbox 69 820 1173 904; baseline -0.005 -17"><span class='ocrx_word' id='word_1_34' title='bbox 69 824 231 903; x_wconf 89' lang='lat' dir='ltr'><strong>bilitatem,</strong></span> <span class='ocrx_word' id='word_1_35' title='bbox 265 822 321 886; x_wconf 87' lang='lat' dir='ltr'><strong>alia</strong></span> <span class='ocrx_word' id='word_1_36' title='bbox 354 820 517 884; x_wconf 87' lang='lat' dir='ltr'><strong>secundum</strong></span> <span class='ocrx_word' id='word_1_37' title='bbox 551 820 768 904; x_wconf 73' lang='lat' dir='ltr'><strong>perfectionem</strong></span> <span class='ocrx_word' id='word_1_38' title='bbox 803 820 901 883; x_wconf 86' lang='lat' dir='ltr'><strong>futuri.</strong></span> <span class='ocrx_word' id='word_1_39' title='bbox 959 820 1041 882; x_wconf 90' lang='lat' dir='ltr'><strong>Deus</strong></span> <span class='ocrx_word' id='word_1_40' title='bbox 1075 827 1173 884; x_wconf 89' lang='lat' dir='ltr'><strong>autem</strong></span> 
     </span>
     <span class='ocr_line' id='line_1_6' title="bbox 71 934 1173 1018; baseline -0.002 -16"><span class='ocrx_word' id='word_1_41' title='bbox 71 940 166 1003; x_wconf 89' lang='lat' dir='ltr'><strong>iustus</strong></span> <span class='ocrx_word' id='word_1_42' title='bbox 189 956 244 1018; x_wconf 89' lang='lat' dir='ltr'><strong>per</strong></span> <span class='ocrx_word' id='word_1_43' title='bbox 268 935 383 1014; x_wconf 89' lang='lat' dir='ltr'><strong>omnia,</strong></span> <span class='ocrx_word' id='word_1_44' title='bbox 405 936 526 1017; x_wconf 86' lang='lat' dir='ltr'><strong>sapiens</strong></span> <span class='ocrx_word' id='word_1_45' title='bbox 549 954 640 1018; x_wconf 89' lang='lat' dir='ltr'><strong>super</strong></span> <span class='ocrx_word' id='word_1_46' title='bbox 664 936 776 1015; x_wconf 86' lang='lat' dir='ltr'><strong>omniu,</strong></span> <span class='ocrx_word' id='word_1_47' title='bbox 800 934 952 1016; x_wconf 82' lang='lat' dir='ltr'><strong>perlectus</strong></span> <span class='ocrx_word' id='word_1_48' title='bbox 973 935 1003 997; x_wconf 89' lang='lat' dir='ltr'><strong>in</strong></span> <span class='ocrx_word' id='word_1_49' title='bbox 1028 935 1173 1000; x_wconf 86' lang='lat' dir='ltr'><strong>omuibus.</strong></span> 
     </span>
     <span class='ocr_line' id='line_1_7' title="bbox 164 1047 1175 1130; baseline -0.002 -18"><span class='ocrx_word' id='word_1_50' title='bbox 164 1047 213 1114; x_wconf 78' lang='lat' dir='ltr'><strong>ta</strong></span> <span class='ocrx_word' id='word_1_51' title='bbox 257 1049 337 1111; x_wconf 89' lang='lat' dir='ltr'><strong>lnter</strong></span> <span class='ocrx_word' id='word_1_52' title='bbox 369 1049 451 1129; x_wconf 88' lang='lat' dir='ltr'><strong>ipsos</strong></span> <span class='ocrx_word' id='word_1_53' title='bbox 481 1067 603 1130; x_wconf 91' lang='lat' dir='ltr'><strong>quoque</strong></span> <span class='ocrx_word' id='word_1_54' title='bbox 637 1049 774 1113; x_wconf 90' lang='lat' dir='ltr'><strong>homines</strong></span> <span class='ocrx_word' id='word_1_55' title='bbox 809 1047 946 1111; x_wconf 82' lang='lat' dir='ltr'><strong>distantia</strong></span> <span class='ocrx_word' id='word_1_56' title='bbox 980 1055 1036 1111; x_wconf 91' lang='grc' dir='ltr'><strong>εει.</strong></span> <span class='ocrx_word' id='word_1_57' title='bbox 1080 1049 1175 1112; x_wconf 84' lang='lat' dir='ltr'><strong>Aliter</strong></span> 
     </span>
     <span class='ocr_line' id='line_1_8' title="bbox 72 1160 1175 1246; baseline -0.001 -20"><span class='ocrx_word' id='word_1_58' title='bbox 72 1163 179 1226; x_wconf 80' lang='lat' dir='ltr'><strong>Daniel</strong></span> <span class='ocrx_word' id='word_1_59' title='bbox 202 1161 341 1244; x_wconf 89' lang='lat' dir='ltr'><strong>sapiens,</strong></span> <span class='ocrx_word' id='word_1_60' title='bbox 365 1162 403 1225; x_wconf 89' lang='lat' dir='ltr'><strong>de</strong></span> <span class='ocrx_word' id='word_1_61' title='bbox 426 1183 485 1245; x_wconf 92' lang='lat' dir='ltr'><strong>quo</strong></span> <span class='ocrx_word' id='word_1_62' title='bbox 510 1162 618 1227; x_wconf 90' lang='lat' dir='ltr'><strong>dietum</strong></span> <span class='ocrx_word' id='word_1_63' title='bbox 642 1170 705 1227; x_wconf 91' lang='lat' dir='ltr'><strong>est:</strong></span> <span class='ocrx_word' id='word_1_64' title='bbox 722 1160 755 1246; x_wconf 72' lang='lat'><strong>⁸²)</strong></span> <span class='ocrx_word' id='word_1_65' title='bbox 786 1162 864 1238; x_wconf 77' lang='lat' dir='ltr'><strong>(lais</strong></span> <span class='ocrx_word' id='word_1_66' title='bbox 886 1162 1022 1223; x_wconf 80' lang='lat' dir='ltr'><strong>Daniele</strong></span> <span class='ocrx_word' id='word_1_67' title='bbox 1044 1163 1175 1242; x_wconf 80' lang='lat' dir='ltr'><strong>eapien-</strong></span> 
     </span>
     <span class='ocr_line' id='line_1_9' title="bbox 74 1272 1177 1360; baseline -0.004 -20"><span class='ocrx_word' id='word_1_68' title='bbox 74 1278 162 1341; x_wconf 84' lang='lat' dir='ltr'><strong>tior?</strong></span> <span class='ocrx_word' id='word_1_69' title='bbox 206 1275 301 1340; x_wconf 82' lang='lat' dir='ltr'><strong>Aliter</strong></span> <span class='ocrx_word' id='word_1_70' title='bbox 324 1277 371 1339; x_wconf 90' lang='lat' dir='ltr'><strong>alii</strong></span> <span class='ocrx_word' id='word_1_71' title='bbox 393 1279 554 1360; x_wconf 89' lang='lat' dir='ltr'><strong>sapientes,</strong></span> <span class='ocrx_word' id='word_1_72' title='bbox 577 1278 661 1341; x_wconf 89' lang='lat' dir='ltr'><strong>aliter</strong></span> <span class='ocrx_word' id='word_1_73' title='bbox 681 1272 878 1358; x_wconf 77' lang='lat' dir='ltr'><strong>Salomon,³)</strong></span> <span class='ocrx_word' id='word_1_74' title='bbox 903 1276 953 1356; x_wconf 91' lang='lat' dir='ltr'><strong>qui</strong></span> <span class='ocrx_word' id='word_1_75' title='bbox 975 1274 1107 1355; x_wconf 89' lang='lat' dir='ltr'><strong>repletus</strong></span> <span class='ocrx_word' id='word_1_76' title='bbox 1130 1279 1177 1338; x_wconf 92' lang='lat' dir='ltr'><strong>est</strong></span> 
     </span>
     <span class='ocr_line' id='line_1_10' title="bbox 74 1387 1176 1472; baseline -0.005 -18"><span class='ocrx_word' id='word_1_77' title='bbox 74 1391 219 1472; x_wconf 86' lang='lat' dir='ltr'><strong>sapientia</strong></span> <span class='ocrx_word' id='word_1_78' title='bbox 243 1407 334 1471; x_wconf 90' lang='lat' dir='ltr'><strong>super</strong></span> <span class='ocrx_word' id='word_1_79' title='bbox 357 1406 474 1452; x_wconf 91' lang='lat' dir='ltr'><strong>omnem</strong></span> <span class='ocrx_word' id='word_1_80' title='bbox 497 1388 671 1469; x_wconf 89' lang='lat' dir='ltr'><strong>sapientiam</strong></span> <span class='ocrx_word' id='word_1_81' title='bbox 694 1387 882 1468; x_wconf 91' lang='lat' dir='ltr'><strong>antiquorum</strong></span> <span class='ocrx_word' id='word_1_82' title='bbox 905 1393 935 1447; x_wconf 91' lang='lat' dir='ltr'><strong>et</strong></span> <span class='ocrx_word' id='word_1_83' title='bbox 957 1403 1049 1467; x_wconf 90' lang='lat' dir='ltr'><strong>super</strong></span> <span class='ocrx_word' id='word_1_84' title='bbox 1072 1403 1176 1448; x_wconf 89' lang='lat' dir='ltr'><strong>omnes</strong></span> 
     </span>
     <span class='ocr_line' id='line_1_11' title="bbox 75 1497 1177 1582; baseline -0.005 -18"><span class='ocrx_word' id='word_1_85' title='bbox 75 1502 229 1582; x_wconf 88' lang='lat' dir='ltr'><strong>sapientes</strong></span> <span class='ocrx_word' id='word_1_86' title='bbox 252 1498 392 1582; x_wconf 81' lang='lat' dir='ltr'><strong>Aegypti.</strong></span> <span class='ocrx_word' id='word_1_87' title='bbox 436 1497 525 1560; x_wconf 85' lang='lat' dir='ltr'><strong>Aliud</strong></span> <span class='ocrx_word' id='word_1_88' title='bbox 549 1504 595 1560; x_wconf 91' lang='lat' dir='ltr'><strong>est</strong></span> <span class='ocrx_word' id='word_1_89' title='bbox 618 1499 696 1560; x_wconf 91' lang='lat' dir='ltr'><strong>enim</strong></span> <span class='ocrx_word' id='word_1_90' title='bbox 719 1499 916 1560; x_wconf 84' lang='lat' dir='ltr'><strong>communiter</strong></span> <span class='ocrx_word' id='word_1_91' title='bbox 940 1516 1065 1580; x_wconf 79' lang='lat' dir='ltr'><strong>sapere,</strong></span> <span class='ocrx_word' id='word_1_92' title='bbox 1100 1497 1177 1561; x_wconf 92' lang='lat' dir='ltr'><strong>aliud</strong></span> 
     </span>
     <span class='ocr_line' id='line_1_12' title="bbox 76 1609 1178 1696; baseline -0.009 -17"><span class='ocrx_word' id='word_1_93' title='bbox 76 1633 185 1696; x_wconf 85' lang='lat' dir='ltr'><strong>sapere</strong></span> <span class='ocrx_word' id='word_1_94' title='bbox 207 1611 351 1695; x_wconf 81' lang='lat' dir='ltr'><strong>perfeeto.</strong></span> <span class='ocrx_word' id='word_1_95' title='bbox 390 1611 448 1684; x_wconf 84' lang='lat' dir='ltr'><strong>Qui</strong></span> <span class='ocrx_word' id='word_1_96' title='bbox 470 1610 666 1672; x_wconf 87' lang='lat' dir='ltr'><strong>communiter</strong></span> <span class='ocrx_word' id='word_1_97' title='bbox 688 1610 765 1691; x_wconf 85' lang='lat' dir='ltr'><strong>sapit</strong></span> <span class='ocrx_word' id='word_1_98' title='bbox 787 1627 843 1690; x_wconf 91' lang='lat' dir='ltr'><strong>pro</strong></span> <span class='ocrx_word' id='word_1_99' title='bbox 864 1609 1075 1690; x_wconf 77' lang='lat' dir='ltr'><strong>temporalibus</strong></span> <span class='ocrx_word' id='word_1_100' title='bbox 1092 1609 1178 1691; x_wconf 88' lang='lat' dir='ltr'><strong>sapit,</strong></span> 
     </span>
     <span class='ocr_line' id='line_1_13' title="bbox 75 1719 1179 1809; baseline -0.006 -20"><span class='ocrx_word' id='word_1_101' title='bbox 75 1743 133 1809; x_wconf 94' lang='lat' dir='ltr'><strong>pro</strong></span> <span class='ocrx_word' id='word_1_102' title='bbox 156 1742 190 1787; x_wconf 90' lang='lat' dir='ltr'><strong>se</strong></span> <span class='ocrx_word' id='word_1_103' title='bbox 212 1725 305 1805; x_wconf 88' lang='lat' dir='ltr'><strong>sapit,</strong></span> <span class='ocrx_word' id='word_1_104' title='bbox 338 1729 377 1785; x_wconf 85' lang='lat' dir='ltr'><strong>ut¹</strong></span> <span class='ocrx_word' id='word_1_105' title='bbox 393 1721 476 1784; x_wconf 90' lang='lat' dir='ltr'><strong>alteri</strong></span> <span class='ocrx_word' id='word_1_106' title='bbox 500 1720 635 1784; x_wconf 85' lang='lat' dir='ltr'><strong>detrahat</strong></span> <span class='ocrx_word' id='word_1_107' title='bbox 657 1719 765 1801; x_wconf 86' lang='lat' dir='ltr'><strong>aliquid</strong></span> <span class='ocrx_word' id='word_1_108' title='bbox 795 1726 824 1781; x_wconf 87' lang='grc' dir='ltr'><strong>ει</strong></span> <span class='ocrx_word' id='word_1_109' title='bbox 853 1721 909 1782; x_wconf 90' lang='lat' dir='ltr'><strong>sibi</strong></span> <span class='ocrx_word' id='word_1_110' title='bbox 937 1721 1077 1804; x_wconf 83' lang='lat' dir='ltr'><strong>adiungat</strong></span> <span class='ocrx_word' id='word_1_111' title='bbox 1085 1743 1094 1798; x_wconf 84' lang='lat'>3</span> <span class='ocrx_word' id='word_1_112' title='bbox 1129 1721 1179 1802; x_wconf 92' lang='lat' dir='ltr'><strong>qui</strong></span> 
     </span>
     <span class='ocr_line' id='line_1_14' title="bbox 76 1832 1179 1921; baseline -0.004 -20"><span class='ocrx_word' id='word_1_113' title='bbox 76 1837 213 1921; x_wconf 84' lang='lat' dir='ltr'><strong>perfecte</strong></span> <span class='ocrx_word' id='word_1_114' title='bbox 236 1837 312 1918; x_wconf 85' lang='lat' dir='ltr'><strong>sopit</strong></span> <span class='ocrx_word' id='word_1_115' title='bbox 334 1835 429 1897; x_wconf 87' lang='lat' dir='ltr'><strong>nescit</strong></span> <span class='ocrx_word' id='word_1_116' title='bbox 451 1853 505 1898; x_wconf 91' lang='lat' dir='ltr'><strong>sua</strong></span> <span class='ocrx_word' id='word_1_117' title='bbox 525 1841 663 1915; x_wconf 87' lang='lat' dir='ltr'><strong>spectare</strong></span> <span class='ocrx_word' id='word_1_118' title='bbox 679 1832 845 1913; x_wconf 85' lang='lat' dir='ltr'><strong>commoda,</strong></span> <span class='ocrx_word' id='word_1_119' title='bbox 869 1832 976 1897; x_wconf 83' lang='lat' dir='ltr'><strong>sadud</strong></span> <span class='ocrx_word' id='word_1_120' title='bbox 993 1835 1073 1914; x_wconf 93' lang='lat' dir='ltr'><strong>illud,</strong></span> <span class='ocrx_word' id='word_1_121' title='bbox 1098 1832 1179 1916; x_wconf 91' lang='lat' dir='ltr'><strong>quod</strong></span> 
     </span>
     <span class='ocr_line' id='line_1_15' title="bbox 77 1947 1179 2030; baseline -0.004 -17"><span class='ocrx_word' id='word_1_122' title='bbox 77 1958 234 2015; x_wconf 88' lang='lat' dir='ltr'><strong>aeternum</strong></span> <span class='ocrx_word' id='word_1_123' title='bbox 257 1955 312 2029; x_wconf 88' lang='grc' dir='ltr'><strong>εει,</strong></span> <span class='ocrx_word' id='word_1_124' title='bbox 336 1947 417 2030; x_wconf 87' lang='lat' dir='ltr'><strong>quod</strong></span> <span class='ocrx_word' id='word_1_125' title='bbox 441 1949 583 2013; x_wconf 86' lang='lat' dir='ltr'><strong>decorum</strong></span> <span class='ocrx_word' id='word_1_126' title='bbox 607 1954 696 2029; x_wconf 92' lang='lat' dir='ltr'><strong>atque</strong></span> <span class='ocrx_word' id='word_1_127' title='bbox 719 1948 886 2026; x_wconf 87' lang='lat' dir='ltr'><strong>honestum,</strong></span> <span class='ocrx_word' id='word_1_128' title='bbox 909 1954 973 2010; x_wconf 92' lang='grc' dir='ltr'><strong>ιοιο</strong></span> <span class='ocrx_word' id='word_1_129' title='bbox 998 1949 1106 2010; x_wconf 84' lang='lat' dir='ltr'><strong>affectu</strong></span> <span class='ocrx_word' id='word_1_130' title='bbox 1130 1948 1179 2009; x_wconf 92' lang='lat' dir='ltr'><strong>irr-</strong></span> 
     </span>
     <span class='ocr_line' id='line_1_16' title="bbox 77 2058 1146 2145; baseline -0.007 -18"><span class='ocrx_word' id='word_1_131' title='bbox 77 2064 182 2143; x_wconf 90' lang='lat' dir='ltr'><strong>tendit,</strong></span> <span class='ocrx_word' id='word_1_132' title='bbox 206 2081 354 2145; x_wconf 87' lang='lat' dir='ltr'><strong>quaerens</strong></span> <span class='ocrx_word' id='word_1_133' title='bbox 377 2082 437 2128; x_wconf 91' lang='lat' dir='ltr'><strong>non</strong></span> <span class='ocrx_word' id='word_1_134' title='bbox 463 2062 544 2143; x_wconf 91' lang='lat' dir='ltr'><strong>quod</strong></span> <span class='ocrx_word' id='word_1_135' title='bbox 567 2063 623 2124; x_wconf 91' lang='lat' dir='ltr'><strong>sibi</strong></span> <span class='ocrx_word' id='word_1_136' title='bbox 645 2062 717 2124; x_wconf 90' lang='lat' dir='ltr'><strong>utile</strong></span> <span class='ocrx_word' id='word_1_137' title='bbox 741 2067 796 2140; x_wconf 89' lang='lat' dir='ltr'><strong>est,</strong></span> <span class='ocrx_word' id='word_1_138' title='bbox 819 2058 874 2123; x_wconf 91' lang='lat' dir='ltr'><strong>sed</strong></span> <span class='ocrx_word' id='word_1_139' title='bbox 897 2060 978 2142; x_wconf 85' lang='lat' dir='ltr'><strong>quod</strong></span> <span class='ocrx_word' id='word_1_140' title='bbox 1002 2061 1146 2124; x_wconf 90' lang='lat' dir='ltr'><strong>omnibus.</strong></span> 
     </span>
     <span class='ocr_line' id='line_1_17' title="bbox 171 2173 1182 2259; baseline -0.006 -19"><span class='ocrx_word' id='word_1_141' title='bbox 171 2174 220 2240; x_wconf 88' lang='lat'><strong>13.</strong></span> <span class='ocrx_word' id='word_1_142' title='bbox 265 2177 367 2259; x_wconf 91' lang='lat' dir='ltr'><strong>ltaque</strong></span> <span class='ocrx_word' id='word_1_143' title='bbox 389 2177 463 2239; x_wconf 87' lang='lat' dir='ltr'><strong>haec</strong></span> <span class='ocrx_word' id='word_1_144' title='bbox 485 2177 524 2240; x_wconf 89' lang='lat' dir='ltr'><strong>sit</strong></span> <span class='ocrx_word' id='word_1_145' title='bbox 546 2174 684 2253; x_wconf 85' lang='lat' dir='ltr'><strong>formula,</strong></span> <span class='ocrx_word' id='word_1_146' title='bbox 706 2180 737 2238; x_wconf 93' lang='lat' dir='ltr'><strong>ut</strong></span> <span class='ocrx_word' id='word_1_147' title='bbox 760 2176 837 2237; x_wconf 88' lang='lat' dir='ltr'><strong>inter</strong></span> <span class='ocrx_word' id='word_1_148' title='bbox 860 2173 920 2236; x_wconf 91' lang='lat' dir='ltr'><strong>duo</strong></span> <span class='ocrx_word' id='word_1_149' title='bbox 941 2173 999 2252; x_wconf 91' lang='lat' dir='ltr'><strong>illa,</strong></span> <span class='ocrx_word' id='word_1_150' title='bbox 1023 2174 1182 2236; x_wconf 91' lang='lat' dir='ltr'><strong>honestum</strong></span> 
     </span>
     <span class='ocr_line' id='line_1_18' title="bbox 80 2287 1183 2372; baseline -0.004 -19"><span class='ocrx_word' id='word_1_151' title='bbox 80 2296 170 2372; x_wconf 87' lang='lat' dir='ltr'><strong>atque</strong></span> <span class='ocrx_word' id='word_1_152' title='bbox 200 2290 290 2368; x_wconf 89' lang='lat' dir='ltr'><strong>utile,</strong></span> <span class='ocrx_word' id='word_1_153' title='bbox 321 2307 424 2352; x_wconf 86' lang='lat' dir='ltr'><strong>errare</strong></span> <span class='ocrx_word' id='word_1_154' title='bbox 453 2306 653 2370; x_wconf 89' lang='lat' dir='ltr'><strong>nequeamus:</strong></span> <span class='ocrx_word' id='word_1_155' title='bbox 690 2307 727 2351; x_wconf 93' lang='lat' dir='ltr'><strong>eo</strong></span> <span class='ocrx_word' id='word_1_156' title='bbox 759 2287 840 2369; x_wconf 88' lang='lat' dir='ltr'><strong>quod</strong></span> <span class='ocrx_word' id='word_1_157' title='bbox 869 2288 965 2350; x_wconf 90' lang='lat' dir='ltr'><strong>iustus</strong></span> <span class='ocrx_word' id='word_1_158' title='bbox 995 2287 1067 2350; x_wconf 88' lang='lat' dir='ltr'><strong>nihil</strong></span> <span class='ocrx_word' id='word_1_159' title='bbox 1096 2287 1183 2350; x_wconf 89' lang='lat' dir='ltr'><strong>alteri</strong></span> 
     </span>
     <span class='ocr_line' id='line_1_19' title="bbox 82 2399 1182 2484; baseline -0.005 -18"><span class='ocrx_word' id='word_1_160' title='bbox 82 2403 297 2466; x_wconf 87' lang='lat' dir='ltr'><strong>detrahendum</strong></span> <span class='ocrx_word' id='word_1_161' title='bbox 319 2408 418 2484; x_wconf 90' lang='lat' dir='ltr'><strong>putet,</strong></span> <span class='ocrx_word' id='word_1_162' title='bbox 451 2420 508 2466; x_wconf 89' lang='lat' dir='ltr'><strong>nee</strong></span> <span class='ocrx_word' id='word_1_163' title='bbox 531 2402 651 2465; x_wconf 88' lang='lat' dir='ltr'><strong>alterius</strong></span> <span class='ocrx_word' id='word_1_164' title='bbox 675 2400 863 2464; x_wconf 87' lang='lat' dir='ltr'><strong>incommodo</strong></span> <span class='ocrx_word' id='word_1_165' title='bbox 887 2420 973 2464; x_wconf 90' lang='lat' dir='ltr'><strong>suum</strong></span> <span class='ocrx_word' id='word_1_166' title='bbox 995 2399 1182 2463; x_wconf 77' lang='lat' dir='ltr'><strong>commodum</strong></span> 
     </span>
     <span class='ocr_line' id='line_1_20' title="bbox 82 2498 1183 2601; baseline -0.004 -21"><span class='ocrx_word' id='word_1_167' title='bbox 82 2519 188 2601; x_wconf 82' lang='lat' dir='ltr'><strong>augeri</strong></span> <span class='ocrx_word' id='word_1_168' title='bbox 209 2517 290 2579; x_wconf 84' lang='lat' dir='ltr'><strong>velit.</strong></span> <span class='ocrx_word' id='word_1_169' title='bbox 328 2516 411 2578; x_wconf 87' lang='lat' dir='ltr'><strong>Hane</strong></span> <span class='ocrx_word' id='word_1_170' title='bbox 433 2514 557 2578; x_wconf 80' lang='lat' dir='ltr'><strong>formam</strong></span> <span class='ocrx_word' id='word_1_171' title='bbox 581 2516 633 2579; x_wconf 90' lang='lat' dir='ltr'><strong>tibi</strong></span> <span class='ocrx_word' id='word_1_172' title='bbox 655 2514 832 2598; x_wconf 86' lang='lat' dir='ltr'><strong>praeseribit</strong></span> <span class='ocrx_word' id='word_1_173' title='bbox 847 2515 1000 2597; x_wconf 87' lang='lat' dir='ltr'><strong>apostolus</strong></span> <span class='ocrx_word' id='word_1_174' title='bbox 1017 2498 1183 2597; x_wconf 60' lang='lat' dir='ltr'><strong>diecret]</strong></span> 
     </span>
     <span class='ocr_line' id='line_1_21' title="bbox 85 2627 1184 2708; baseline -0.005 -14"><span class='ocrx_word' id='word_1_175' title='bbox 85 2630 200 2694; x_wconf 84' lang='lat' dir='ltr'><strong>Omnia</strong></span> <span class='ocrx_word' id='word_1_176' title='bbox 221 2631 326 2706; x_wconf 86' lang='lat' dir='ltr'><strong>licent,</strong></span> <span class='ocrx_word' id='word_1_177' title='bbox 350 2629 407 2690; x_wconf 79' lang='lat' dir='ltr'><strong>aed</strong></span> <span class='ocrx_word' id='word_1_178' title='bbox 430 2647 494 2691; x_wconf 90' lang='lat' dir='ltr'><strong>non</strong></span> <span class='ocrx_word' id='word_1_179' title='bbox 517 2631 623 2692; x_wconf 89' lang='lat' dir='ltr'><strong>omnia</strong></span> <span class='ocrx_word' id='word_1_180' title='bbox 647 2630 839 2708; x_wconf 78' lang='lat' dir='ltr'><strong>enpediant5</strong></span> <span class='ocrx_word' id='word_1_181' title='bbox 863 2629 969 2691; x_wconf 85' lang='lat' dir='ltr'><strong>omnia</strong></span> <span class='ocrx_word' id='word_1_182' title='bbox 991 2628 1102 2705; x_wconf 81' lang='lat' dir='ltr'><strong>licent,</strong></span> <span class='ocrx_word' id='word_1_183' title='bbox 1127 2627 1184 2689; x_wconf 79' lang='lat' dir='ltr'><strong>aad</strong></span> 
     </span>
     <span class='ocr_line' id='line_1_22' title="bbox 82 2740 1185 2824; baseline -0.004 -19"><span class='ocrx_word' id='word_1_184' title='bbox 82 2761 146 2805; x_wconf 89' lang='lat' dir='ltr'><strong>nan</strong></span> <span class='ocrx_word' id='word_1_185' title='bbox 169 2743 273 2806; x_wconf 87' lang='lat' dir='ltr'><strong>omnia</strong></span> <span class='ocrx_word' id='word_1_186' title='bbox 296 2742 472 2822; x_wconf 75' lang='lat' dir='ltr'><strong>aedificant.</strong></span> <span class='ocrx_word' id='word_1_187' title='bbox 518 2742 611 2806; x_wconf 86' lang='lat' dir='ltr'><strong>Nemo</strong></span> <span class='ocrx_word' id='word_1_188' title='bbox 639 2743 723 2824; x_wconf 83' lang='lat' dir='ltr'><strong>qaod</strong></span> <span class='ocrx_word' id='word_1_189' title='bbox 751 2761 841 2805; x_wconf 83' lang='lat' dir='ltr'><strong>enam</strong></span> <span class='ocrx_word' id='word_1_190' title='bbox 872 2751 919 2804; x_wconf 81' lang='lat' dir='ltr'><strong>eet</strong></span> <span class='ocrx_word' id='word_1_191' title='bbox 944 2749 1096 2822; x_wconf 83' lang='lat' dir='ltr'><strong>quaerat,</strong></span> <span class='ocrx_word' id='word_1_192' title='bbox 1127 2740 1185 2802; x_wconf 83' lang='lat' dir='ltr'><strong>sed</strong></span> 
     </span>
     <span class='ocr_line' id='line_1_23' title="bbox 84 2850 1185 2936; baseline -0.004 -17"><span class='ocrx_word' id='word_1_193' title='bbox 84 2857 168 2936; x_wconf 81' lang='lat' dir='ltr'><strong>qaod</strong></span> <span class='ocrx_word' id='word_1_194' title='bbox 190 2857 341 2930; x_wconf 59' lang='lat' dir='ltr'><strong>alterium</strong></span> <span class='ocrx_word' id='word_1_195' title='bbox 366 2855 425 2917; x_wconf 88' lang='lat' dir='ltr'><strong>hoo</strong></span> <span class='ocrx_word' id='word_1_196' title='bbox 448 2862 512 2934; x_wconf 88' lang='lat' dir='ltr'><strong>est,</strong></span> <span class='ocrx_word' id='word_1_197' title='bbox 528 2874 623 2919; x_wconf 54' lang='lat' dir='ltr'><strong>‘nemo</strong></span> <span class='ocrx_word' id='word_1_198' title='bbox 648 2853 834 2920; x_wconf 84' lang='lat' dir='ltr'><strong>commodum</strong></span> <span class='ocrx_word' id='word_1_199' title='bbox 857 2873 943 2918; x_wconf 91' lang='lat' dir='ltr'><strong>suum</strong></span> <span class='ocrx_word' id='word_1_200' title='bbox 967 2860 1107 2936; x_wconf 87' lang='lat' dir='ltr'><strong>quaerat,</strong></span> <span class='ocrx_word' id='word_1_201' title='bbox 1131 2850 1185 2917; x_wconf 88' lang='lat' dir='ltr'><strong>sed</strong></span> 
     </span>
     <span class='ocr_line' id='line_1_24' title="bbox 84 2967 1187 3050; baseline -0.002 -19"><span class='ocrx_word' id='word_1_202' title='bbox 84 2969 226 3046; x_wconf 82' lang='lat' dir='ltr'><strong>alterius3</strong></span> <span class='ocrx_word' id='word_1_203' title='bbox 249 2987 336 3032; x_wconf 85' lang='lat' dir='ltr'><strong>namo</strong></span> <span class='ocrx_word' id='word_1_204' title='bbox 360 2969 508 3031; x_wconf 89' lang='lat' dir='ltr'><strong>honorem</strong></span> <span class='ocrx_word' id='word_1_205' title='bbox 531 2986 616 3032; x_wconf 92' lang='lat' dir='ltr'><strong>suum</strong></span> <span class='ocrx_word' id='word_1_206' title='bbox 640 2976 773 3050; x_wconf 87' lang='lat' dir='ltr'><strong>quaerat,</strong></span> <span class='ocrx_word' id='word_1_207' title='bbox 797 2969 852 3032; x_wconf 88' lang='lat' dir='ltr'><strong>sed</strong></span> <span class='ocrx_word' id='word_1_208' title='bbox 874 2968 1025 3040; x_wconf 61' lang='lat' dir='ltr'><strong>alterius„</strong></span> <span class='ocrx_word' id='word_1_209' title='bbox 1048 2967 1134 3031; x_wconf 92' lang='lat' dir='ltr'><strong>Unde</strong></span> <span class='ocrx_word' id='word_1_210' title='bbox 1157 2972 1187 3030; x_wconf 89' lang='lat' dir='ltr'><strong>et</strong></span> 
     </span>
     <span class='ocr_line' id='line_1_25' title="bbox 83 3075 1186 3166; baseline -0.006 -19"><span class='ocrx_word' id='word_1_211' title='bbox 83 3081 153 3147; x_wconf 85' lang='lat' dir='ltr'><strong>alibi</strong></span> <span class='ocrx_word' id='word_1_212' title='bbox 181 3075 267 3146; x_wconf 80' lang='lat' dir='ltr'><strong>dicit:</strong></span> <span class='ocrx_word' id='word_1_213' title='bbox 292 3079 324 3166; x_wconf 75' lang='lat'><strong>⁶)</strong></span> <span class='ocrx_word' id='word_1_214' title='bbox 360 3080 449 3145; x_wconf 81' lang='lat' dir='ltr'><strong>Alter</strong></span> <span class='ocrx_word' id='word_1_215' title='bbox 481 3083 613 3144; x_wconf 86' lang='lat' dir='ltr'><strong>atteram</strong></span> <span class='ocrx_word' id='word_1_216' title='bbox 643 3083 856 3147; x_wconf 69' lang='lat' dir='ltr'><strong>existimantes</strong></span> <span class='ocrx_word' id='word_1_217' title='bbox 886 3082 1080 3160; x_wconf 78' lang='lat' dir='ltr'><strong>superiorem</strong></span> <span class='ocrx_word' id='word_1_218' title='bbox 1112 3078 1186 3156; x_wconf 83' lang='lat' dir='ltr'><strong>sibi,</strong></span> 
     </span>
     <span class='ocr_line' id='line_1_26' title="bbox 82 3195 1128 3277; baseline -0.002 -21"><span class='ocrx_word' id='word_1_219' title='bbox 82 3214 151 3259; x_wconf 87' lang='lat' dir='ltr'><strong>non</strong></span> <span class='ocrx_word' id='word_1_220' title='bbox 172 3214 252 3277; x_wconf 86' lang='lat' dir='ltr'><strong>puae</strong></span> <span class='ocrx_word' id='word_1_221' title='bbox 274 3214 334 3257; x_wconf 83' lang='lat' dir='ltr'><strong>sua</strong></span> <span class='ocrx_word' id='word_1_222' title='bbox 357 3203 431 3257; x_wconf 81' lang='lat' dir='ltr'><strong>eant</strong></span> <span class='ocrx_word' id='word_1_223' title='bbox 452 3195 570 3275; x_wconf 83' lang='lat' dir='ltr'><strong>einpali</strong></span> <span class='ocrx_word' id='word_1_224' title='bbox 594 3197 777 3275; x_wconf 77' lang='lat' dir='ltr'><strong>oppilantes,</strong></span> <span class='ocrx_word' id='word_1_225' title='bbox 801 3196 859 3258; x_wconf 83' lang='lat' dir='ltr'><strong>sed</strong></span> <span class='ocrx_word' id='word_1_226' title='bbox 880 3214 960 3277; x_wconf 81' lang='lat' dir='ltr'><strong>qaae</strong></span> <span class='ocrx_word' id='word_1_227' title='bbox 982 3195 1128 3258; x_wconf 75' lang='lat' dir='ltr'><strong>alioruin</strong></span> 
     </span>
     <span class='ocr_line' id='line_1_27' title="bbox 176 3300 1187 3389; baseline -0.006 -16"><span class='ocrx_word' id='word_1_228' title='bbox 176 3305 225 3373; x_wconf 86' lang='grc'><strong>14.</strong></span> <span class='ocrx_word' id='word_1_229' title='bbox 261 3308 357 3371; x_wconf 85' lang='lat' dir='ltr'><strong>Nemo</strong></span> <span class='ocrx_word' id='word_1_230' title='bbox 381 3308 468 3370; x_wconf 90' lang='lat' dir='ltr'><strong>etiam</strong></span> <span class='ocrx_word' id='word_1_231' title='bbox 492 3300 575 3370; x_wconf 84' lang='lat' dir='ltr'><strong>suam</strong></span> <span class='ocrx_word' id='word_1_232' title='bbox 598 3309 723 3389; x_wconf 74' lang='lat' dir='ltr'><strong>gratiam</strong></span> <span class='ocrx_word' id='word_1_233' title='bbox 746 3315 880 3389; x_wconf 87' lang='lat' dir='ltr'><strong>quaerat,</strong></span> <span class='ocrx_word' id='word_1_234' title='bbox 903 3325 992 3370; x_wconf 90' lang='lat' dir='ltr'><strong>nemo</strong></span> <span class='ocrx_word' id='word_1_235' title='bbox 1015 3322 1098 3368; x_wconf 91' lang='lat' dir='ltr'><strong>suam</strong></span> <span class='ocrx_word' id='word_1_236' title='bbox 1117 3304 1187 3367; x_wconf 89' lang='lat' dir='ltr'><strong>lau-</strong></span> 
     </span>
     <span class='ocr_line' id='line_1_28' title="bbox 83 3413 1186 3501; baseline -0.004 -18"><span class='ocrx_word' id='word_1_237' title='bbox 83 3419 171 3498; x_wconf 91' lang='lat' dir='ltr'><strong>dem,</strong></span> <span class='ocrx_word' id='word_1_238' title='bbox 202 3418 257 3485; x_wconf 89' lang='lat' dir='ltr'><strong>sed</strong></span> <span class='ocrx_word' id='word_1_239' title='bbox 280 3420 410 3485; x_wconf 89' lang='lat' dir='ltr'><strong>alterius.</strong></span> <span class='ocrx_word' id='word_1_240' title='bbox 457 3418 553 3495; x_wconf 84' lang='lat' dir='ltr'><strong>Quod·</strong></span> <span class='ocrx_word' id='word_1_241' title='bbox 567 3419 722 3482; x_wconf 87' lang='lat' dir='ltr'><strong>evidenter</strong></span> <span class='ocrx_word' id='word_1_242' title='bbox 752 3421 840 3483; x_wconf 87' lang='lat' dir='ltr'><strong>etiam</strong></span> <span class='ocrx_word' id='word_1_243' title='bbox 870 3421 900 3480; x_wconf 93' lang='lat' dir='ltr'><strong>in</strong></span> <span class='ocrx_word' id='word_1_244' title='bbox 928 3418 1097 3501; x_wconf 86' lang='lat' dir='ltr'><strong>proverbiis</strong></span> <span class='ocrx_word' id='word_1_245' title='bbox 1129 3413 1186 3479; x_wconf 91' lang='lat' dir='ltr'><strong>de·</strong></span> 
     </span>
     <span class='ocr_line' id='line_1_29' title="bbox 83 3528 1188 3612; baseline -0.004 -18"><span class='ocrx_word' id='word_1_246' title='bbox 83 3532 227 3595; x_wconf 90' lang='lat' dir='ltr'><strong>olaratum</strong></span> <span class='ocrx_word' id='word_1_247' title='bbox 258 3549 329 3596; x_wconf 87' lang='lat' dir='ltr'><strong>esse</strong></span> <span class='ocrx_word' id='word_1_248' title='bbox 357 3531 540 3596; x_wconf 88' lang='lat' dir='ltr'><strong>advertimus</strong></span> <span class='ocrx_word' id='word_1_249' title='bbox 565 3531 681 3595; x_wconf 84' lang='lat' dir='ltr'><strong>dicante</strong></span> <span class='ocrx_word' id='word_1_250' title='bbox 704 3536 809 3594; x_wconf 86' lang='lat' dir='ltr'><strong>sanato</strong></span> <span class='ocrx_word' id='word_1_251' title='bbox 830 3547 886 3612; x_wconf 93' lang='lat' dir='ltr'><strong>per</strong></span> <span class='ocrx_word' id='word_1_252' title='bbox 908 3531 1099 3595; x_wconf 82' lang='lat' dir='ltr'><strong>Salomonem</strong></span> <span class='ocrx_word' id='word_1_253' title='bbox 1121 3528 1188 3609; x_wconf 87' lang='lat' dir='ltr'><strong>spi-</strong></span> 
     </span>
     <span class='ocr_line' id='line_1_30' title="bbox 83 3619 1256 3727; baseline -0.004 -21"><span class='ocrx_word' id='word_1_254' title='bbox 83 3645 160 3706; x_wconf 80' lang='lat' dir='ltr'><strong>ritu:</strong></span> <span class='ocrx_word' id='word_1_255' title='bbox 173 3638 207 3727; x_wconf 80' lang='grc'><strong>6)</strong></span> <span class='ocrx_word' id='word_1_256' title='bbox 230 3644 304 3722; x_wconf 82' lang='lat' dir='ltr'><strong>Fili,</strong></span> <span class='ocrx_word' id='word_1_257' title='bbox 328 3644 357 3707; x_wconf 86' lang='lat' dir='ltr'><strong>ai</strong></span> <span class='ocrx_word' id='word_1_258' title='bbox 378 3619 505 3724; x_wconf 76' lang='lat' dir='ltr'><strong>sapiens</strong></span> <span class='ocrx_word' id='word_1_259' title='bbox 527 3642 640 3721; x_wconf 75' lang='lat' dir='ltr'><strong>fueris,</strong></span> <span class='ocrx_word' id='word_1_260' title='bbox 665 3641 720 3703; x_wconf 84' lang='lat' dir='ltr'><strong>tidi</strong></span> <span class='ocrx_word' id='word_1_261' title='bbox 742 3641 871 3719; x_wconf 80' lang='lat' dir='ltr'><strong>sapiens</strong></span> <span class='ocrx_word' id='word_1_262' title='bbox 894 3640 957 3701; x_wconf 74' lang='lat' dir='ltr'><strong>eris</strong></span> <span class='ocrx_word' id='word_1_263' title='bbox 973 3647 1003 3701; x_wconf 88' lang='lat' dir='ltr'><strong>et</strong></span> <span class='ocrx_word' id='word_1_264' title='bbox 1015 3639 1188 3719; x_wconf 55' lang='lat' dir='ltr'><strong>praenimia·</strong></span> <span class='ocrx_word' id='word_1_265' title='bbox 1252 3632 1256 3642; x_wconf 79' lang='grc'><strong>“</strong></span> 
     </span>
     <span class='ocr_line' id='line_1_31' title="bbox 84 3750 1189 3836; baseline -0.008 -15"><span class='ocrx_word' id='word_1_266' title='bbox 84 3758 239 3823; x_wconf 67' lang='lat' dir='ltr'><strong>mantem</strong></span> <span class='ocrx_word' id='word_1_267' title='bbox 260 3758 362 3821; x_wconf 80' lang='lat' dir='ltr'><strong>malas</strong></span> <span class='ocrx_word' id='word_1_268' title='bbox 386 3759 537 3833; x_wconf 82' lang='lat' dir='ltr'><strong>eoaaerie,</strong></span> <span class='ocrx_word' id='word_1_269' title='bbox 561 3757 648 3820; x_wconf 79' lang='lat' dir='ltr'><strong>salae</strong></span> <span class='ocrx_word' id='word_1_270' title='bbox 672 3752 802 3817; x_wconf 77' lang='lat' dir='ltr'><strong>hauries</strong></span> <span class='ocrx_word' id='word_1_271' title='bbox 824 3753 916 3814; x_wconf 86' lang='lat' dir='ltr'><strong>mala.</strong></span> <span class='ocrx_word' id='word_1_272' title='bbox 962 3750 1086 3836; x_wconf 87' lang='lat' dir='ltr'><strong>Sapiens</strong></span> <span class='ocrx_word' id='word_1_273' title='bbox 1110 3751 1189 3814; x_wconf 88' lang='lat' dir='ltr'><strong>anim</strong></span> 
     </span>
    </p>
   </div>
   <div class='ocr_carea' id='block_1_3' title="bbox 86 4016 1188 4199">
    <p class='ocr_par' dir='ltr' id='par_1_3' title="bbox 86 4016 1188 4199">
     <span class='ocr_line' id='line_1_32' title="bbox 159 4016 1188 4090; baseline -0.009 -13"><span class='ocrx_word' id='word_1_274' title='bbox 159 4023 331 4090; x_wconf 80' lang='lat' dir='ltr'><strong>1)t³ml.3‚</strong></span> <span class='ocrx_word' id='word_1_275' title='bbox 360 4022 400 4075; x_wconf 82' lang='grc'><strong>15.</strong></span> <span class='ocrx_word' id='word_1_276' title='bbox 472 4021 503 4086; x_wconf 83' lang='grc'><strong>2)</strong></span> <span class='ocrx_word' id='word_1_277' title='bbox 526 4021 630 4074; x_wconf 81' lang='lat' dir='ltr'><strong>litoreo.</strong></span> <span class='ocrx_word' id='word_1_278' title='bbox 654 4021 704 4088; x_wconf 80' lang='lat'><strong>28,</strong></span> <span class='ocrx_word' id='word_1_279' title='bbox 732 4021 757 4073; x_wconf 81' lang='lat'><strong>3.</strong></span> <span class='ocrx_word' id='word_1_280' title='bbox 829 4020 857 4085; x_wconf 79' lang='lat'><strong>3)</strong></span> <span class='ocrx_word' id='word_1_281' title='bbox 881 4019 906 4072; x_wconf 87' lang='grc'><strong>3.</strong></span> <span class='ocrx_word' id='word_1_282' title='bbox 924 4018 990 4088; x_wconf 75' lang='lat' dir='ltr'><strong>lieg.</strong></span> <span class='ocrx_word' id='word_1_283' title='bbox 1014 4018 1047 4084; x_wconf 84' lang='grc'><strong>1,</strong></span> <span class='ocrx_word' id='word_1_284' title='bbox 1074 4016 1108 4069; x_wconf 82' lang='lat'><strong>26</strong></span> <span class='ocrx_word' id='word_1_285' title='bbox 1133 4033 1188 4086; x_wconf 83' lang='lat' dir='ltr'><strong>req.</strong></span> 
     </span>
     <span class='ocr_line' id='line_1_33' title="bbox 86 4105 979 4199; baseline -0.006 -36"><span class='ocrx_word' id='word_1_286' title='bbox 86 4113 116 4177; x_wconf 82' lang='grc'><strong>1)</strong></span> <span class='ocrx_word' id='word_1_287' title='bbox 137 4111 159 4166; x_wconf 92' lang='grc'><strong>1.</strong></span> <span class='ocrx_word' id='word_1_288' title='bbox 173 4110 232 4166; x_wconf 82' lang='lat' dir='ltr'><strong>cor.</strong></span> <span class='ocrx_word' id='word_1_289' title='bbox 253 4110 295 4177; x_wconf 85' lang='lat' dir='ltr'><strong>to,</strong></span> <span class='ocrx_word' id='word_1_290' title='bbox 313 4110 356 4162; x_wconf 82' lang='lat'><strong>22.</strong></span> <span class='ocrx_word' id='word_1_291' title='bbox 428 4107 456 4172; x_wconf 81' lang='lat'><strong>5)</strong></span> <span class='ocrx_word' id='word_1_292' title='bbox 474 4106 537 4160; x_wconf 83' lang='lat' dir='ltr'><strong>l&#39;hil.</strong></span> <span class='ocrx_word' id='word_1_293' title='bbox 556 4108 583 4175; x_wconf 84' lang='lat'><strong>2,</strong></span> <span class='ocrx_word' id='word_1_294' title='bbox 602 4107 679 4162; x_wconf 77' lang='grc'><strong>3-4.</strong></span> <span class='ocrx_word' id='word_1_295' title='bbox 750 4106 873 4199; x_wconf 71' lang='grc' dir='ltr'><strong>6)Ρεοε.</strong></span> <span class='ocrx_word' id='word_1_296' title='bbox 893 4106 919 4171; x_wconf 83' lang='grc'><strong>9,</strong></span> <span class='ocrx_word' id='word_1_297' title='bbox 938 4105 979 4158; x_wconf 79' lang='lat' dir='ltr'><strong>ta.</strong></span> 
     </span>
    </p>
   </div>
   <div class='ocr_carea' id='block_1_4' title="bbox 907 4202 982 4269">
    <p class='ocr_par' dir='ltr' id='par_1_4' title="bbox 907 4202 982 4269">
     <span class='ocr_line' id='line_1_34' title="bbox 907 4202 982 4269; baseline 0 0"><span class='ocrx_word' id='word_1_298' title='bbox 907 4202 982 4269; x_wconf 72' lang='lat'><strong>12*</strong></span> 
     </span>
    </p>
   </div>
   <div class='ocr_carea' id='block_1_5' title="bbox 0 0 1379 4666">
    <p class='ocr_par' dir='ltr' id='par_1_5' title="bbox 0 0 1379 4666">
     <span class='ocr_line' id='line_1_35' title="bbox 0 0 1379 4666; baseline 0 0"><span class='ocrx_word' id='word_1_299' title='bbox 0 0 1379 4666; x_wconf 95' lang='lat' dir='ltr'><strong> </strong></span> 
     </span>
    </p>
   </div>
  </div>
 </body>
</html>
