2692 4666
200 311 261 376 142
644 307 668 360 s.
689 305 842 361 nunnosn

286 464 336 532 53.
374 467 457 541 Quae
480 473 548 530 sunt
570 470 675 531 beatae
697 470 847 547 mulieres,
870 470 927 533 nisi
949 471 1026 550 illae,
1049 468 1217 552 dequibus
1240 466 1289 530 di-

198 584 282 662 citur,
299 583 367 663 quia
385 582 493 646 multae
509 583 631 645 verbum
649 583 696 646 dei
711 584 831 647 audiunt
846 589 876 646 et
890 584 1031 665 pariunt?
1042 583 1073 669 ¹)
1106 585 1144 647 Et
1159 583 1244 647 alibi:
1257 578 1288 667 ²)

201 697 390 778 Quicumque
420 697 500 759 enim
527 697 650 760 narbam
679 698 729 760 dei
759 695 888 776 feeerit,
921 700 989 778 ipse
1017 718 1102 762 meas
1129 697 1234 777 scater
1262 706 1291 761 et

197 831 290 875 soror
314 821 343 874 et
365 819 462 872 mater
484 820 539 873 ert.
585 811 642 885 Qui
664 812 750 874 etiam
772 814 858 893 pueri
881 814 922 874 tui
944 814 1037 893 beati,
1061 813 1111 895 qui
1134 813 1289 892 adsistunt,

198 927 255 988 nisi
269 926 383 1005 Paulus,
406 927 457 1007 qui
480 925 611 990 dicebat:
626 923 657 1010 ³)
684 927 782 1007 Usque
801 928 835 988 ln
857 927 937 990 buno
952 928 1030 991 diem
1045 937 1093 991 ato
1105 935 1289 1006 protestans

198 1040 312 1102 minori
334 1059 373 1102 ac
394 1041 532 1102 matari?
576 1039 723 1123 Symeon,
755 1042 804 1120 qui
833 1042 1024 1122 exspectabat
1046 1044 1077 1104 in
1099 1041 1227 1125 templo,
1258 1047 1290 1103 ut

198 1154 316 1217 videret
330 1153 564 1217 consolationem
579 1153 696 1216 lsrael?
709 1150 742 1237 ⁴)
787 1154 942 1228 Quomodo
963 1173 1038 1240 ergo
1058 1155 1161 1218 dimitti
1176 1172 1288 1237 posea-

198 1275 261 1348 ret,
293 1269 350 1331 nisi
373 1269 441 1348 quia
464 1267 611 1330 adsistens
635 1267 753 1331 domino
783 1268 955 1332 discedendi
985 1269 1095 1332 babere
1122 1269 1290 1332 facultatem

198 1400 259 1445 non
280 1387 411 1464 poterat,
441 1382 498 1445 nisi
521 1382 701 1445 voluntatem
724 1381 834 1446 domini
856 1383 981 1464 adeptus
1004 1384 1110 1462 esset?
1154 1383 1289 1465 Exempli

198 1515 288 1560 causa
309 1497 481 1578 propositus
504 1497 590 1558 nobis
614 1494 752 1560 Salomon
775 1504 830 1576 est,
854 1515 871 1558 a
894 1516 954 1578 quo
979 1499 1123 1577 certatim,
1146 1504 1179 1560 ut
1201 1496 1289 1562 andi-

198 1619 281 1674 retur
304 1611 368 1673 eius
391 1610 545 1691 sapientia,
572 1609 783 1689 postulabatur.

286 1718 337 1785 54.
375 1717 526 1805 loseph⁵)
549 1739 669 1801 quoque
691 1739 748 1783 nec
770 1721 800 1782 in
823 1739 946 1782 carcere
969 1720 1092 1784 feriatus
1110 1729 1184 1801 erat,
1208 1739 1287 1803 quo-

198 1837 294 1899 minus
325 1835 363 1898 de
392 1835 483 1898 rebus
513 1835 634 1897 incertis
664 1835 879 1897 consuleretur.
924 1836 1014 1898 Cuius
1044 1835 1198 1899 consilium
1222 1836 1288 1898 Ae-

197 1959 292 2036 gypto
315 1951 474 2014 universae
496 1949 617 2031 proluit,
640 1954 672 2011 ut
694 1966 755 2012 non
777 1951 900 2012 sentiret
923 1956 1035 2031 septem
1056 1967 1201 2013 annorum
1223 1957 1287 2014 ste-

198 2065 333 2128 rilitatem
356 2064 491 2145 aliosque
513 2062 642 2146 populos
664 2063 791 2126 miserae
814 2063 897 2126 famis
920 2064 1033 2126 levaret
1055 2063 1177 2126 ieiunio.

284 2177 335 2244 55.
378 2179 485 2242 Daniel
500 2175 533 2263 ⁶)
563 2198 603 2240 ex
632 2179 753 2259 captivis
783 2178 927 2260 regalium
955 2177 1157 2241 consultorum
1179 2177 1289 2239 arbiter

198 2292 293 2357 factus
317 2292 447 2356 consiliis
470 2292 531 2354 suis
554 2289 722 2354 emendavit
743 2292 928 2371 praesentia,
961 2290 1142 2353 adnuntiavit
1173 2289 1287 2366 futura3

199 2427 238 2472 ex
259 2408 304 2470 his
328 2407 421 2488 enim,
445 2423 521 2486 quae
543 2402 716 2485 frequenter
738 2404 948 2486 interpretatus
972 2403 1144 2467 ostenderat
1166 2404 1234 2467 veri
1255 2420 1286 2466 se

198 2538 268 2588 esse
291 2520 470 2599 adnuntium,
493 2517 568 2582 fides
590 2518 619 2580 ei
640 2519 671 2581 in
694 2519 828 2583 omnibus
851 2517 1048 2583 deferebatur.

612 2717 782 2784 CAPUT
814 2719 874 2783 ΧΙ.

198 2865 283 2920 Tertia
301 2867 429 2932 condicio,
449 2880 514 2936 quac
532 2865 563 2918 ad
582 2866 657 2918 tidem
675 2865 748 2918 alicui
767 2865 950 2918 conciliandam
968 2864 1046 2931 valet,
1065 2867 1091 2917 in
1108 2864 1214 2932 Moyse,
1232 2865 1285 2919 lla·

481 2953 550 3009 niele
568 2969 599 3007 ae
616 2953 725 3023 Iosepho
745 2953 844 3006 fulsisse
863 2953 1008 3007 ostenditur.

176 3130 179 3135 -
283 3086 335 3154 56.
373 3072 436 3161 fid
454 3089 542 3153 etiarn
565 3089 668 3153 tertius
690 3089 775 3154 locus
797 3087 836 3152 de
853 3089 908 3169 bis,
931 3090 982 3171 qui
997 3088 1192 3153 admiratione
1207 3090 1286 3176 digni

198 3203 432 3282 aestimarentur,
454 3201 572 3285 loseph,
596 3201 760 3267 Salomonis
783 3209 814 3264 et
828 3202 958 3264 Danielis
982 3202 1119 3283 exemplo
1142 3202 1286 3269 decursus

198 3315 324 3380 videtur.
367 3315 441 3378 Nam
471 3314 540 3398 quid
563 3298 601 3377 de
623 3315 730 3399 Moyse
747 3310 777 3399 ⁷)
806 3314 928 3397 loquar,
961 3316 1044 3379 cuius
1076 3319 1173 3382 omnis
1194 3318 1287 3383 lsrael

199 3430 308 3495 cotidie
339 3429 463 3494 consilia
495 3428 746 3510 praestolabatur,
784 3446 909 3510 quorum
941 3431 1000 3494 vita
1037 3429 1125 3495 tidem
1160 3429 1287 3496 lactabat

198 3541 373 3626 prudentiae
395 3541 675 3623 admirationemque
697 3542 762 3604 eius
784 3542 937 3625 augebat?
975 3543 1046 3617 Quis
1070 3561 1104 3607 se
1123 3562 1187 3609 non
1200 3562 1286 3611 com-

198 3657 327 3720 mitteret
348 3655 474 3720 consilio
495 3655 609 3740 lloysi,
639 3657 686 3720 cui
710 3657 863 3735 seniores,
886 3657 912 3720 si
935 3675 993 3738 qua
1016 3674 1106 3738 supra
1127 3676 1215 3723 saum
1235 3663 1285 3725 in-

200 3770 349 3834 tellectum
372 3777 403 3833 et
423 3770 559 3834 virtutem
584 3788 652 3834 esse
671 3771 893 3851 arbitrarentur,
917 3769 1103 3835 diiudicanda
1118 3775 1285 3839 seruabant

271 4037 298 4105 t)
317 4038 376 4091 lae.
392 4037 434 4103 tt,
447 4038 488 4091 28.
536 4037 565 4107 2)
584 4037 782 4104 llattb.12,50.
830 4037 858 4103 3)
877 4036 933 4091 Act.
947 4039 991 4104 26,
1003 4038 1045 4092 22.
1091 4040 1120 4105 4)
1132 4039 1192 4094 Luc.
1206 4041 1233 4110 2,
1245 4041 1286 4096 25.

201 4123 231 4194 5)
249 4124 310 4178 Gen.
328 4125 371 4192 41,
395 4124 428 4177 10
445 4140 517 4195 seqq.
588 4125 619 4193 6)
637 4124 702 4178 Dan.
721 4141 743 4178 c.
761 4124 786 4178 2.
857 4124 885 4190 t)
903 4123 984 4178 Exod.
1005 4124 1047 4192 18,
1067 4124 1099 4178 te
1117 4142 1190 4198 seqq.
