2692 4666
134 311 196 378 116
270 261 280 271 ’
578 305 604 362 S.
623 305 777 361 nunnosn

132 472 268 537 conficiat
289 471 361 552 iter,
385 488 444 553 quo
467 488 638 555 aggregare
660 470 755 552 possit
777 469 908 534 thesauri
931 487 1076 551 acervos,
1106 485 1223 532 merces

131 593 315 672 congreget,
348 586 542 651 conturbetur
563 584 601 648 ad
624 586 768 667 pretium,
800 604 839 648 ne
867 583 945 649 forte
968 585 1090 648 minoris
1114 584 1223 648 vendat

130 721 217 784 quam
241 680 360 783 emerit,
384 707 548 782 aucupetur
570 701 704 765 locorum
727 701 823 783 pretia
846 708 876 764 et
897 701 995 765 subito
1018 707 1068 764 aut
1089 700 1222 764 latrones

129 818 159 883 in
182 837 217 882 se
239 817 349 881 invidia
371 816 505 880 famosae
528 816 739 900 negotiationis
758 815 878 895 excitet,
901 822 1026 879 autnon
1042 817 1222 897 exspectatis

129 932 332 998 serenioribus
354 931 479 1012 llatibus,
507 932 573 995 dum
595 932 708 995 lucrum
725 930 850 1013 quaerit,
873 929 1058 1013 naufragium
1074 930 1221 1011 inpatiens

127 1065 230 1111 morae
251 1046 387 1110 incidat?
825 1043 828 1049 '

198 1158 286 1243 244.
331 1160 379 1224 An
409 1178 469 1223 non
499 1159 690 1222 conturbatur
719 1161 807 1221 etiam
835 1158 884 1220 ille
907 1177 1001 1239 vane,
1031 1161 1080 1241 qui
1104 1177 1220 1225 summo

126 1275 231 1338 labore
261 1281 435 1352 coacervat,
469 1272 549 1353 quod
573 1273 686 1336 nesciat
708 1275 754 1336 cui
777 1271 882 1334 heredi
904 1272 1076 1354 relinquat?
1122 1273 1220 1358 Saepe

127 1387 206 1470 quod
231 1405 338 1450 avarus
361 1404 474 1451 summa
496 1386 684 1468 congesserit
706 1385 922 1467 sollicitudine,
955 1387 1110 1470 praecipiti
1139 1388 1220 1451 eifu-

126 1503 212 1566 sione
236 1500 375 1565 dilacerat
397 1501 487 1564 heres
509 1500 691 1581 luxuriosus,
715 1510 745 1565 et
768 1501 818 1565 diu
840 1504 973 1583 quaesita
996 1501 1090 1584 turpis
1106 1502 1218 1584 helluo,

80 1636 82 1640 ⁴
125 1616 323 1699 praesentium
348 1631 466 1693 caecus,
489 1613 579 1677 luturi
604 1613 788 1696 inprovidus,
812 1615 936 1696 quadam
961 1617 1103 1680 absorbet
1121 1633 1218 1678 vora·

125 1733 204 1816 gine.
243 1731 339 1811 Saepe
363 1731 450 1792 etiam
470 1737 607 1811 speratus
630 1746 791 1793 successor
813 1729 952 1794 invidiam
971 1736 1073 1814 portae
1089 1729 1218 1812 adquirit

124 1846 296 1908 hereditatis
325 1850 354 1907 et
384 1843 475 1905 celeri
502 1842 584 1906 obitu
613 1820 763 1906 extraneis
787 1842 884 1916 aditae
907 1845 1107 1910 successionis
1130 1851 1217 1909 tran-

125 1963 228 2025 scribit
250 1959 425 2044 conpendia.

210 2071 282 2140 245.
328 2073 403 2149 Quid
428 2091 503 2157 ergo
526 2092 603 2136 vane
626 2091 764 2136 araneam
788 2075 875 2154 texis,
899 2094 976 2157 quae
995 2077 1089 2140 inanis
1105 2083 1136 2140 et
1150 2078 1217 2142 sine

124 2191 222 2254 fructu
250 2196 313 2269 est,
343 2197 374 2251 et
403 2196 549 2270 tamquam
579 2207 681 2253 casses
711 2190 870 2271 suspendis
902 2191 1019 2254 inutiles
1050 2190 1217 2256 divitiarum

124 2306 253 2389 copias?
307 2305 391 2379 Quae
422 2304 478 2366 etsi
509 2303 617 2383 fluant,
650 2304 721 2367 nihil
749 2311 892 2386 prosunt,
926 2306 1014 2368 immo
1045 2314 1158 2370 exuunt
1185 2314 1216 2371 te

122 2421 281 2504 imaginem
305 2421 352 2484 dei
375 2425 405 2482 et
426 2419 552 2482 induunt
573 2420 685 2482 terreni
706 2419 873 2502 imaginem.
918 2419 949 2485 Si
971 2423 1089 2503 tyranni
1109 2421 1216 2505 aliquis

122 2537 280 2619 imginem
303 2536 423 2614 lrabeat,
454 2553 555 2598 nonne
586 2534 733 2598 obnoxius
764 2541 811 2597 est
839 2534 1044 2598 damnationi?
1089 2536 1134 2599 'l'u
1157 2536 1216 2599 de·

122 2650 209 2732 ponis
239 2650 396 2733 imaginem
427 2649 541 2711 aeterni
570 2648 756 2731 imperatoris
779 2653 810 2710 et
832 2649 929 2731 exigis
953 2650 982 2712 in
1005 2658 1035 2712 te
1057 2650 1216 2734 imaginem

122 2765 235 2828 mortis.
280 2765 352 2827 Eice
374 2763 469 2846 magis
493 2762 531 2825 de
554 2763 671 2825 civitate
694 2763 809 2826 animae
832 2769 900 2825 tuae
925 2765 1083 2848 imaginem
1106 2764 1215 2830 diaboli

122 2884 152 2941 et
175 2879 275 2942 attolle
298 2879 453 2961 imaginem
478 2877 593 2940 Christi.
638 2876 770 2941 Haecin
794 2885 824 2940 te
847 2876 976 2961 fulgeat,
1010 2879 1041 2941 in
1063 2887 1113 2943 tua
1135 2880 1215 2944 civi-

122 2998 190 3072 tate,
213 2992 272 3057 hoo
295 2999 351 3072 est,
373 2992 469 3055 anima
491 2991 689 3073 resplendeat,
713 3010 790 3073 quae
814 2992 961 3058 oblitterat
982 2993 1121 3056 vitiorum
1136 2996 1214 3059 ima-

121 3107 218 3191 gines.
262 3107 307 3170 De
330 3106 436 3188 quibus
459 3107 500 3169 ait
520 3105 633 3169 David:
651 3103 681 3190 ¹)
710 3105 859 3184 Domine,
891 3108 925 3168 io
949 3107 1152 3172 civitatetua
1174 3109 1217 3172 od

121 3221 251 3284 nihilum
280 3221 416 3283 deduces
446 3220 594 3302 imagines
624 3238 739 3284 eorum.
784 3220 856 3283 Gurn
884 3222 961 3285 enim
983 3223 1114 3305 pinxerit
1135 3225 1215 3289 illam

120 3334 305 3400 Hierusalem
333 3333 470 3399 dominus
499 3334 535 3398 ad
565 3335 723 3418 imaginem
747 3352 847 3416 suam,
881 3343 950 3399 tuuc
973 3335 1214 3404 adversariorum

122 3450 217 3514 omnis
239 3451 339 3534 imago
361 3447 484 3514 deletur.

192 3693 220 3763 r)
238 3692 328 3748 ream.
348 3693 391 3761 ⁷2,
409 3694 451 3747 ao.
