2692 4666
171 326 234 396 138
571 376 572 380 a
614 323 639 378 s.
657 321 811 378 annaosu

171 486 247 562 Quid
281 488 358 550 enim
392 485 529 550 consulas
562 484 726 566 hominem,
764 504 851 567 quem
885 503 946 548 non
979 484 1131 547 arbitreris
1164 497 1258 565 posse

63 592 66 597 ’
169 603 273 665 melius
297 599 405 681 aliquid
427 599 577 679 reperire,
601 616 688 678 quam
709 600 774 680 ipse
795 597 970 681 intellegis?

256 711 307 778 42.
343 711 430 787 Quod
453 712 478 777 si
501 728 567 774 eum
586 711 747 790 inveneris,
771 713 821 792 qui
837 711 992 773 vivacitate
1007 712 1127 798 ingenii,
1150 707 1258 773 mentis

169 830 275 913 vigore
305 833 394 908 atque
421 827 593 889 auctoritate
622 832 753 906 praestet
776 832 806 887 et
830 825 958 926 accedat⁸
972 845 1028 905 eo,
1061 833 1094 888 ut
1117 824 1258 905 exemplo

169 949 199 1006 et
220 962 276 1005 usu
297 943 428 1024 paratior
445 943 491 1019 sit,
514 939 681 1021 praesentia
698 939 794 1012 solvat
808 939 949 1020 pericula,
972 941 1133 1021 prospiciat
1147 938 1258 1018 futura,

169 1056 321 1120 denuntiet
342 1057 536 1134 imminentia,
570 1060 773 1138 argumentum
803 1053 956 1135 expediat,
987 1054 1149 1118 remedium
1180 1053 1259 1117 ferat

168 1171 198 1233 in
221 1177 363 1252 tempore,
386 1177 504 1251 paratus
527 1171 646 1233 sitnon
671 1170 766 1232 solum
788 1169 825 1231 ad
849 1169 1073 1247 consulendum,
1097 1167 1258 1231 sedetiam

168 1283 206 1347 ad
228 1283 478 1348 subveniendum:
508 1284 576 1346 huic
599 1286 637 1346 ita
660 1284 734 1347 fides
756 1283 898 1362 habetur,
927 1289 960 1346 ut
983 1282 1075 1361 dicat,
1104 1282 1155 1364 qui
1178 1299 1257 1345 con-

169 1399 264 1462 silium
283 1400 370 1481 petit:
387 1396 415 1481 ¹)
439 1398 508 1460 Etsi
530 1400 613 1462 moto
635 1399 709 1460 mitat
731 1398 889 1460 evenerint
905 1416 964 1476 pcr
986 1397 1082 1474 illum,
1106 1397 1257 1459 sustineo.

255 1509 305 1576 43.
349 1510 521 1577 Huiusmodi
544 1513 634 1596 igitur
655 1513 721 1576 viro
744 1512 868 1576 salutern
890 1517 1021 1575 nostram
1044 1517 1073 1572 et
1098 1511 1257 1573 existima-

167 1625 278 1689 tionem
301 1625 514 1705 committimus,
537 1628 586 1707 qni
609 1627 657 1705 sit,
680 1634 822 1708 utsupra
845 1625 981 1704 diximus,
1009 1627 1104 1688 iustus
1127 1631 1158 1687 et
1180 1643 1258 1706 pru·

168 1736 251 1802 dens.
294 1738 376 1802 Facit
398 1741 474 1802 cuim
497 1740 621 1819 iustitia,
651 1747 683 1802 ut
711 1741 809 1804 nulius
838 1743 875 1804 sit
903 1741 1015 1804 fraudis
1044 1745 1154 1812 metus;
1187 1738 1259 1802 tacit

168 1853 255 1915 etiarn
276 1851 440 1933 prudentia,
463 1859 495 1915 ut
517 1852 595 1915 nulla
617 1854 655 1916 sit
670 1854 781 1916 erroris
797 1855 937 1934 suspicio.
975 1854 1257 1935 Promptiustamen

167 1984 223 2029 nos
246 1968 322 2030 iusto
347 1967 422 2045 viro,
445 1986 532 2047 quam
553 1967 694 2049 prudenti
710 1969 922 2047 committimus,
945 1975 977 2031 ut
991 1969 1154 2032 secundum
1169 1987 1258 2032 usum

166 2083 250 2166 vulgi
279 2083 393 2164 loquar.
448 2081 586 2145 Ceterum
620 2085 784 2164 sapientum
815 2084 1002 2164 definitione,
1038 2085 1066 2145 in
1101 2101 1161 2163 quo
1195 2102 1257 2145 una

167 2199 260 2259 virtus
283 2205 346 2276 est,
377 2204 557 2260 concurrunt
581 2203 719 2278 ceterae,
750 2217 806 2260 nec
828 2205 928 2280 potest
954 2200 1019 2261 sine
1048 2198 1154 2260 iustitia
1185 2215 1257 2260 esse

166 2311 331 2394 prudentia.
363 2312 449 2386 Quod
464 2314 551 2375 etiam
567 2312 597 2375 in
612 2315 721 2377 nostris
737 2314 902 2378 invenimus
908 2335 917 2392 3
934 2313 1003 2375 dicit
1015 2314 1093 2376 enim
1102 2311 1211 2375 David:
1223 2309 1256 2395 ²)

166 2424 272 2488 Iustus
292 2427 454 2489 miseretur
475 2434 506 2490 ct
522 2426 654 2506 [encrat.
691 2425 768 2501 Quid
783 2427 899 2490 feneret
913 2428 1017 2505 iustus,
1039 2425 1107 2488 alibi
1123 2424 1209 2487 dicit:
1224 2420 1258 2508 ³)

166 2539 323 2603 Iucundos
352 2541 402 2602 atr
430 2543 483 2622 qui
511 2542 675 2604 miseretur
703 2551 734 2602 et
760 2541 900 2620 fenerat,
933 2541 1078 2620 disponet
1098 2557 1258 2601 sermones

122 2628 134 2649 ι
167 2675 241 2718 satos
264 2655 298 2716 in
321 2656 448 2719 iudicio.
744 2634 749 2639 ¹

253 2767 304 2834 44.
341 2771 439 2855 Ipsum
460 2770 531 2835 illud
553 2771 653 2834 nobile
669 2769 835 2835 Salomonis
857 2769 995 2833 iudicium
1015 2786 1115 2831 nonne
1131 2767 1256 2848 sapien-

79 2921 85 2944 t
166 2886 225 2949 tiae
255 2882 374 2967 plenur'n
400 2902 437 2948 ac
465 2884 591 2949 iustitiae
620 2883 691 2946 est?
734 2883 835 2965 ltaque
862 2889 1031 2964 spectemus
1060 2879 1132 2943 illud
1161 2881 1188 2942 si
1217 2881 1257 2942 ita

168 3006 222 3063 est.
267 2999 368 3077 Duae,
395 2997 505 3078 inquit,
521 2993 553 3079 ⁴)
581 2996 722 3060 mulieres
744 2997 773 3057 in
797 3002 960 3077 conspectu
982 2996 1064 3078 regis
1087 2992 1256 3059 Salomonis

167 3117 327 3190 steterunt,
359 3118 389 3173 et
412 3111 485 3173 dixit
507 3128 564 3172 una
587 3108 624 3171 ad
646 3126 731 3172 eum:
762 3108 839 3173 Audi
868 3126 932 3187 me,
964 3108 1090 3172 domine.
1136 3106 1205 3191 Ego
1228 3113 1257 3171 et

167 3225 242 3289 haec
271 3223 375 3287 mulier
405 3222 436 3284 in
464 3241 523 3285 uno
555 3223 719 3285 habitantes
749 3221 903 3299 cubiculo,
933 3228 1003 3285 ante
1031 3221 1108 3284 diem
1137 3222 1256 3287 tertium

166 3347 253 3424 partu
274 3340 364 3417 edito,
388 3335 523 3420 singulos
546 3336 622 3398 filios
644 3334 839 3415 suscepimus,
863 3341 892 3395 et
916 3350 1031 3397 aramus
1054 3352 1121 3414 una,
1145 3334 1256 3399 arbiter

167 3453 384 3533 nullasdum,
412 3472 470 3515 nec
498 3452 557 3516 ulla
584 3452 639 3513 alia
663 3452 815 3514 nobiscum
839 3449 964 3530 femina,
994 3449 1051 3513 nisi
1074 3467 1129 3511 nos
1154 3449 1255 3527 solae3

168 3578 198 3634 ct
219 3577 352 3634 mortuas
372 3574 418 3631 est
440 3568 515 3631 tilius
538 3568 601 3632 eius
625 3566 679 3629 hac
698 3572 796 3645 nocte,
819 3572 851 3627 ut
867 3565 1043 3629 obdormivit
1057 3583 1151 3647 super
1167 3582 1254 3629 arm:

167 3693 199 3750 et
219 3686 349 3750 surrexit
371 3661 577 3746 media‘noete
611 3689 641 3745 et
669 3683 782 3762 accepit
803 3681 893 3745 filium
916 3700 1013 3744 meum
1036 3679 1073 3741 de
1096 3680 1163 3742 sinu
1185 3699 1254 3743 meo

168 3807 198 3865 et
219 3800 374 3865 collocavit
397 3817 464 3861 eum
485 3799 515 3860 in
538 3798 604 3860 sinu
626 3813 692 3876 suo,
718 3803 747 3858 et
769 3796 857 3858 filium
879 3813 965 3859 suum
986 3802 1132 3858 mortuum
1154 3795 1256 3876 posuit

166 3972 369 3982 -.-.--

239 4070 266 4135 1)
285 4069 362 4122 Sirac.
380 4070 423 4136 22,
442 4067 482 4120 31.
527 4065 785 4133 attramento
829 4063 936 4131 misit.
957 4062 1016 4130 111,
1035 4063 1058 4115 5.
1102 4063 1131 4127 4)
1151 4062 1252 4132 Meg.

167 4157 193 4227 3,
213 4157 245 4209 16
263 4174 332 4226 seqq.
