2692 4666
275 318 280 329 2
317 299 363 354 on
382 299 517 355 ormcus
536 299 758 354 nmrsnnonuu
775 299 871 354 utana
888 301 919 355 n.
1100 304 1159 369 141

67 457 202 520 Praestat
231 465 330 523 tamen
357 459 446 523 lidele
476 461 545 524 insti
575 462 727 525 eonsilium
750 463 806 525 viri
830 468 860 526 et
882 461 1089 544 sapientissimi
1111 461 1162 523 in-

67 571 160 653 genio
184 570 358 654 frequenter
381 573 607 656 praeponderat.
649 574 744 636 Utttta
760 573 788 657 ¹)
810 576 891 636 enim
909 576 1043 637 vulnera
1059 576 1161 654 antei,

68 704 160 766 qnam
183 687 318 749 aliorum
341 686 459 749 osenla.
503 687 618 749 Deinde
649 689 717 769 quia
749 687 817 750 iusti
844 686 982 750 iudicium
1014 695 1078 768 est,
1108 705 1162 751 sa-

67 799 176 879 pientis
199 806 295 864 autem
318 809 542 884 argumentum
575 802 605 863 in
628 801 678 864 illo
702 819 829 865 oensma
860 802 1099 884 disceptationis,
1130 804 1160 864 in

67 913 128 977 hoa
151 914 293 978 calliditas
316 916 505 978 inventionis.

156 1027 207 1094 51.
250 1029 336 1105 Quod
359 1032 384 1093 si
407 1027 564 1111 utrumque
588 1037 736 1112 eoneatas,
761 1032 818 1094 erit
840 1050 946 1114 magna
970 1030 1161 1094 consiliorum

68 1144 243 1224 salubritas,
276 1162 352 1226 quae
375 1145 411 1206 ab
435 1145 584 1208 universis
608 1151 758 1227 spectatur
782 1145 975 1209 admiratione
998 1146 1161 1228 sapientiae

68 1267 98 1322 et
121 1277 225 1323 amore
247 1261 390 1340 iustitiae,
420 1266 452 1323 ut
475 1278 578 1324 omnes
602 1269 745 1342 quaerant
768 1260 870 1325 audire
894 1261 1064 1343 sapientiam
1097 1261 1160 1324 eius

67 1375 140 1454 viri,
172 1375 203 1436 in
234 1392 292 1454 quo
322 1375 477 1456 utriusque
508 1376 623 1439 virtutis
653 1375 759 1458 copula
789 1377 843 1455 sit,
875 1376 951 1438 sieut
981 1375 1162 1457 quaerebant

67 1505 172 1552 omnes
194 1505 284 1570 reges
306 1493 405 1551 terrae
430 1489 533 1553 videre
556 1488 663 1553 faciem
679 1488 845 1554 Salomonis
869 1495 898 1551 et
921 1489 1023 1552 audbe
1038 1491 1160 1572 sapien-

67 1604 136 1666 tiam
159 1603 241 1680 eius,
268 1602 308 1664 ita
330 1607 362 1662 ut
384 1607 414 1664 et
436 1600 513 1666 Saba
535 1601 640 1684 regina
663 1601 780 1664 veniret
801 1601 839 1663 ad
862 1619 929 1663 eum
953 1609 983 1664 et
1006 1608 1161 1684 temptaret

67 1736 136 1781 eum
157 1718 188 1779 in
209 1715 438 1798 quaestionibus.
487 1716 528 1777 Et
550 1717 634 1778 venit
651 1713 682 1799 ²)
706 1724 736 1777 at
758 1716 863 1778 omnia
887 1717 992 1778 locata
1014 1725 1061 1779 est
1082 1735 1160 1797 pane

65 1831 200 1894 babebat
220 1832 253 1893 in
275 1828 369 1892 eorda
391 1847 467 1906 sno,
501 1836 531 1890 et
560 1829 684 1890 andbait
711 1848 829 1891 omnem
857 1831 1045 1909 sapientiam
1068 1831 1159 1894 Salo-

67 1948 179 2025 monis,
203 1966 260 2008 nee
281 1946 378 2008 allam
398 1943 525 2006 verbam
543 1944 730 2023 praeterivit
753 1963 828 2006 eam.

153 2058 205 2125 52.
245 2060 327 2134 Quae
350 2058 475 2138 sitista,
499 2077 585 2140 quam
608 2058 681 2121 nihil
704 2064 881 2141 praetereat,
903 2078 960 2121 neo
982 2059 1020 2122 sit
1042 2057 1160 2139 aliquid,

68 2174 150 2257 quod
174 2176 201 2237 ei
225 2193 285 2238 non
308 2172 525 2236 adnuntiaverit
548 2191 639 2236 verus
655 2172 810 2250 Salomon3
835 2189 996 2256 cognosce,
1020 2173 1161 2252 abono,

68 2307 108 2352 ex
130 2289 194 2368 bis,
226 2305 304 2370 quae
327 2286 410 2349 audis
433 2287 622 2368 loquentem:
659 2287 754 2350 Verus
776 2296 839 2365 est,
862 2289 971 2369 inquit,
989 2285 1021 2373 ³)
1049 2307 1159 2367 sermo,

69 2422 157 2484 qnam
185 2404 294 2466 andini
325 2403 358 2464 a'n
390 2412 476 2465 tarra
505 2423 573 2465 anea
604 2404 642 2464 de
671 2401 865 2465 sermonibus
887 2403 949 2466 tais
973 2410 1002 2463 et
1024 2403 1061 2465 da
1080 2423 1159 2484 pra-

68 2517 174 2580 dantt'a
197 2525 267 2594 tna,
302 2525 331 2579 at
353 2537 417 2581 non
440 2519 561 2581 credidi
584 2519 650 2596 bis,
685 2519 738 2598 qni
767 2517 910 2581 dicabant
938 2518 1029 2595 mitt,
1061 2519 1161 2582 donea

67 2634 139 2694 oeni
167 2640 197 2694 at
222 2632 369 2695 viderant
395 2634 479 2696 ocnla‘
506 2635 582 2706 mai;
612 2642 642 2695 et
671 2653 751 2696 nanc
778 2653 842 2696 non
872 2640 918 2695 est
945 2651 1003 2693 neo
1031 2633 1162 2695 dimidiu

68 2747 192 2827 quidem
218 2766 298 2827 pars
327 2746 496 2808 sectandam
525 2765 581 2822 aa,
614 2765 693 2827 qnae
716 2744 946 2809 adnuntiabunt
965 2745 1047 2807 mitt.
1091 2745 1159 2808 Aa·

64 2861 203 2942 posuisti
236 2861 320 2924 bona
350 2879 445 2940 saper
480 2860 601 2937 onnia,
641 2878 721 2940 pana
758 2860 866 2922 andivi
899 2861 933 2921 a'n
967 2867 1052 2924 tarra
1083 2881 1159 2926 mea.
1260 2928 1262 2932 ,

67 2974 186 3037 Bautae
207 2974 351 3036 mallones
374 2981 446 3035 taaa
469 2982 499 3036 at
520 2973 603 3035 beati
620 2973 714 3054 paeri
736 2974 799 3050 tat,
832 2973 886 3052 pat
915 2973 1071 3036 adsistant
1093 2975 1159 3053 att,

68 3089 121 3170 pai
153 3089 287 3152 audiant
316 3107 433 3151 omnem
458 3088 659 3169 prudentiam
688 3095 779 3150 taam.
824 3087 969 3173 Intellege
992 3089 1161 3151 convivium

68 3201 133 3264 veri
156 3201 320 3266 Salomonis
349 3207 378 3264 et
405 3220 482 3284 quae
503 3201 692 3283 adponuntur
712 3201 744 3262 in
768 3218 806 3263 eo
829 3201 986 3280 convivio,
1018 3200 1159 3284 intellege

69 3315 221 3397 sapienter
250 3321 280 3378 et
310 3316 484 3395 considera,
517 3315 547 3377 in
578 3334 635 3396 qua
667 3321 746 3377 terra
773 3311 976 3398 ‘congregatio
1008 3314 1160 3378 nationum

67 3427 196 3492 audierit
217 3428 320 3492 famam
342 3429 504 3511 sapientiae
527 3445 618 3491 verae
641 3432 730 3508 atque
751 3425 880 3488 iustitiae
904 3432 935 3490 et
964 3425 1068 3508 quibus
1092 3443 1159 3488 eum

68 3542 178 3607 viderit
210 3545 320 3626 oeulis,
345 3544 622 3628 ¹contemplantibus
659 3542 761 3623 utique
800 3558 876 3622 quae
914 3557 975 3603 non
1011 3538 1157 3602 videntur.

69 3657 216 3731 Quoniam
238 3679 317 3742 qaae
338 3660 501 3738 videnter,
534 3657 719 3738 temporalia
741 3663 832 3728 sant;
864 3673 943 3735 qaae
971 3661 1072 3716 antam
1094 3673 1158 3718 non

68 3772 227 3850 amentor,
251 3780 388 3836 aeterna.
405 3769 436 3856 ⁴)

73 3941 279 3952 *αι-

142 4041 170 4105 1)
192 4037 266 4093 nov.
290 4040 340 4106 aa,
365 4039 388 4090 e.
460 4037 488 4103 a)
512 4037 536 4090 a.
555 4015 692 4107 negjto,
716 4036 803 4091 2-3.
874 4033 903 4100 a)
928 4033 992 4086 nte.
1016 4048 1040 4085 v.
1064 4032 1081 4083 e
1103 4048 1156 4102 seq.

69 4129 99 4195 4)
117 4129 141 4183 a.
161 4125 220 4180 cor.
238 4128 264 4194 t,
283 4127 324 4180 aa.
