2692 4666
152 319 174 386 3
662 310 738 368 um

153 477 398 540 defendebantur.
445 475 504 542 Sed
539 476 589 539 ubi
623 481 793 538 sanctorum
828 481 988 558 martyrum
1023 493 1150 557 corpora
1183 482 1251 539 sunt

152 593 247 655 levata
270 597 300 655 et
322 593 351 654 in
373 590 487 654 lecticis
513 589 626 670 posita,
660 588 817 651 multorum
839 590 879 651 ibi
902 594 1023 652 sanatae
1048 588 1250 671 aegritudines

152 701 362 783 perdocentur.
409 701 524 764 Caecus
548 701 644 779 etiam,
668 698 798 764 Severus
821 702 958 780 nominc,
981 703 1031 782 qui
1053 720 1133 764 nunc
1155 720 1251 783 usque

152 816 182 876 in
204 815 307 878 eadem
330 814 459 895 basilica,
483 833 559 897 quae
584 813 689 876 dicitur
704 814 912 893 Ambrosiam,
936 816 1073 895 inquam
1089 822 1251 897 martyrum

153 945 280 1009 corpora
303 936 371 991 sunt
395 928 550 1008 translata,
574 927 719 1009 religiose
742 928 852 1005 servit;
876 928 926 991 ubi
948 936 1064 991 vestem
1088 935 1251 1011 martyrum

152 1044 254 1125 attigit,
278 1043 374 1104 statim
396 1041 496 1105 lumen
518 1043 641 1123 recepit.
688 1041 820 1104 Obsessa
844 1044 930 1105 etiam
955 1061 1083 1124 corpora
1106 1044 1142 1105 ab
1158 1045 1251 1125 spiri-

152 1156 229 1218 tibus
251 1154 397 1218 inmundis
421 1160 523 1217 curata
551 1172 664 1217 summa
694 1173 760 1216 cum
792 1156 886 1238 gratia
918 1155 1036 1220 domurn
1067 1159 1251 1240 repetebant.

153 1269 212 1335 Sed
235 1270 280 1332 his
303 1268 454 1331 beneficiis
477 1275 639 1349 martyrum
663 1268 692 1329 in
716 1275 855 1348 quantum
879 1270 1034 1332 crescebat
1054 1269 1128 1332 fides
1146 1271 1251 1333 eccle-

153 1385 215 1448 siae
239 1383 417 1462 catholicae,
441 1383 471 1444 in
492 1388 601 1445 tantum
626 1381 805 1445 Arianorum
828 1383 951 1464 pertidia
976 1384 1169 1447 minuebatur.

243 1495 291 1562 15.
337 1497 473 1578 Denique
496 1515 535 1559 ex
562 1496 621 1560 boc
650 1503 785 1579 tempore
813 1497 912 1560 sedari
943 1499 1042 1579 coepit
1069 1500 1251 1579 persecutio,

153 1631 230 1693 quae
260 1610 387 1674 lustinae
418 1611 521 1674 lurore
552 1611 789 1691 accendebatur,
821 1619 853 1675 ut
880 1612 1023 1677 sacerdos
1056 1613 1094 1674 de
1124 1613 1251 1676 ecclesia

152 1725 321 1808 pelleretur.
372 1725 483 1787 Tamen
511 1725 588 1788 intra
617 1726 756 1807 palatium
789 1726 943 1790 multitudo
973 1727 1155 1791 Arianorum
1185 1746 1251 1790 cum

152 1839 261 1903 lustina
284 1841 442 1903 constituta
466 1839 621 1904 deridebat
643 1847 751 1903 tantam
776 1841 977 1925 deigratiam,
1000 1860 1087 1922 quam
1104 1842 1252 1904 ecclesiae

152 1972 225 2016 suae
248 1955 412 2016 catholicae
436 1955 571 2019 dominus
595 1956 677 2018 lesus
700 1957 811 2019 meritis
835 1963 995 2039 martyrum
1023 1974 1144 2019 suorum
1173 1975 1252 2020 con-

152 2069 231 2132 ferre
263 2069 398 2152 dignatus
428 2077 474 2134 est
498 2071 761 2152 venerabilemque
785 2071 879 2132 virum
900 2070 1089 2133 Ambrosium
1113 2071 1253 2134 narrabat

150 2184 276 2265 pecunia
300 2202 481 2265 conparasse
504 2185 656 2264 homines,
690 2186 740 2265 qui
763 2203 798 2247 se
821 2186 925 2247 vexari
948 2185 984 2247 ab
1008 2183 1155 2246 inmundis
1184 2186 1251 2266 spi-

150 2299 253 2360 ritibus
277 2301 472 2362 mentirentur
495 2307 583 2380 atque
607 2301 645 2361 ita
668 2301 704 2362 ab
729 2299 796 2378 illo,
824 2300 900 2362 sicut
922 2306 953 2360 et
975 2319 992 2361 a
1012 2299 1191 2380 martyribus
1215 2318 1250 2363 se

151 2413 285 2492 torqueri
315 2412 455 2478 dicerent.
502 2415 562 2480 Sed
593 2416 650 2478 boc
680 2414 798 2479 ludaico
830 2433 885 2478 ore
913 2414 1112 2495 loquebantur
1134 2415 1248 2495 Ariani,

150 2543 293 2606 suppares
316 2527 431 2589 scilicet
453 2545 572 2606 corum3
595 2529 635 2590 illi
656 2529 733 2591 enim
750 2527 786 2590 de
802 2528 922 2591 dominc
939 2527 1085 2607 dicebant,
1109 2531 1248 2610 quoniam

149 2640 183 2701 a'n
206 2639 377 2702 Beelzebub
398 2642 545 2720 principe
575 2642 807 2704 daemoniorum
835 2642 907 2703 eicit
933 2642 1117 2715 daemonem
1136 2639 1166 2726 ¹)
1202 2643 1250 2706 isti

151 2752 188 2815 de
212 2754 389 2834 martyribus
412 2755 461 2815 vel
485 2754 522 2816 dc
546 2754 656 2816 domini
679 2755 836 2818 sacerdote
858 2755 1065 2834 loquebantur,
1091 2755 1172 2837 quod
1189 2775 1249 2819 non

151 2867 199 2930 dci
221 2869 326 2949 gratia,
350 2884 427 2946 quae
449 2884 504 2945 per
526 2867 609 2947 ipsos
633 2868 830 2948 operabatur,
854 2866 985 2928 inmundi
1008 2868 1128 2949 spiritus
1151 2868 1249 2951 pelle-

151 2988 268 3062 rentur,
295 2982 349 3045 scd
372 2987 492 3063 accepta
515 2983 641 3063 pecunia
664 3000 698 3044 se
721 2983 855 3063 torqueri
878 2983 1082 3044 mentirentur.
1130 2982 1250 3046 Clama-

150 3098 220 3160 bant
242 3098 319 3160 enim
343 3096 522 3159 daemones:
556 3094 676 3157 Scimus
698 3115 757 3158 cor
778 3104 951 3176 martyrem
984 3100 1013 3156 et
1036 3095 1140 3158 Ariani
1163 3097 1245 3160 dice-

150 3215 236 3276 bant:
253 3214 412 3278 Nescimus
428 3230 497 3274 ease
511 3218 670 3292 martyres.
696 3211 756 3273 lam
773 3212 830 3274 boc
848 3212 921 3273 etin
939 3210 1096 3293 evangelio
1113 3210 1250 3295 legimus,

150 3330 200 3392 ubi
224 3327 362 3392 dixerunt
385 3328 546 3390 daemones
570 3326 607 3388 ad
631 3326 797 3389 dominum:
825 3325 945 3388 Scimus
969 3334 1007 3404 te,
1033 3327 1109 3406 quic
1131 3327 1178 3388 sir
1200 3327 1250 3388 dci

148 3443 253 3525 βίω
266 3438 298 3526 ²)
322 3449 352 3504 et
366 3442 467 3504 ludaei
488 3441 640 3503 dicebant:
664 3440 725 3502 Hic
747 3447 848 3502 autem
869 3441 952 3503 uude
974 3441 1018 3501 sit
1038 3441 1201 3502 nescimus.
1216 3438 1248 3526 ³]

152 3557 211 3622 Sed
234 3575 294 3620 non
317 3556 364 3619 bic
386 3556 586 3619 testimonium
609 3556 751 3638 accipitur
774 3555 967 3635 daemonum,
1000 3554 1055 3617 sed
1084 3556 1249 3638 confessio,

152 3670 231 3734 unde
253 3672 425 3734 miseriores
449 3670 551 3733 Ariani
574 3669 623 3732 vel
645 3669 763 3749 ludaei,
795 3677 827 3732 ut
855 3669 935 3751 quod
966 3669 1143 3733 confitentur
1173 3656 1249 3735 dae-

152 3805 271 3868 mones,
295 3786 336 3849 illi
358 3792 476 3869 negant.

242 3898 290 3964 16.
337 3900 418 3962 Deus
450 3906 565 3979 tamen,
605 3900 654 3980 qui
688 3898 813 3980 gratiam
846 3897 994 3960 ecclesiae
1029 3917 1102 3963 suae
1134 3920 1249 3986 augere

156 4055 361 4064 Ἣ

226 4145 253 4214 1)
272 4145 332 4200 luc.
354 4147 395 4215 ll,
416 4147 456 4200 15.
529 4148 557 4214 2)
577 4145 654 4201 blare.
674 4144 761 4214 1,24.
832 4143 864 4215 3)
880 4141 967 4203 loona.
986 4141 1013 4217 9,
1032 4141 1074 4201 29.
