2692 4666
332 353 378 408 ur
397 351 926 409 ornarsnrnrsrnononnarnr.
1133 358 1175 424 33

78 511 263 594 loquendum
291 516 336 578 sit.
381 516 466 580 Unde
496 519 575 580 bene
603 518 644 582 ait
673 518 835 600 scriptura:
856 515 884 602 Ι)
917 516 1017 581 llomo
1048 517 1176 596 sopiens

80 625 314 709 moabitasque
337 631 380 693 od
400 639 526 712 tempos.

167 736 198 805 6.
241 743 314 806 ldeo
347 747 440 808 sancti
473 745 600 826 domini,
634 746 683 828 qui
715 748 827 809 scirent
858 746 925 827 quia
956 764 1017 809 vox
1049 745 1176 809 hominis

79 857 255 939 plerumque
291 861 405 940 peceati
444 859 582 924 adnuntia
620 866 666 922 est
703 868 733 923 et
765 861 877 923 initiurn
911 861 1024 924 erroris
1057 860 1177 924 humani

79 989 182 1034 sermo
206 977 252 1035 est
273 972 419 1051 hominis,
452 974 586 1036 amabant
608 980 717 1036 tacere.
763 973 900 1054 Denique
922 981 1043 1036 sanctus
1066 971 1178 1036 domini

79 1085 133 1147 ait:
151 1079 184 1166 ²)
216 1083 313 1159 otei,
344 1085 517 1147 custodiam
546 1085 618 1147 aior
645 1105 745 1161 meas,
777 1094 812 1146 ot
842 1105 906 1148 non
937 1087 1114 1168 delinquam
1142 1089 1177 1149 in

79 1198 190 1280 lingua
211 1216 298 1270 mco;
321 1198 434 1260 sciebat
457 1200 536 1261 enim
558 1205 589 1260 et
610 1198 726 1280 legerat
748 1196 865 1260 divinae
888 1217 958 1261 esse
973 1201 1176 1280 protectionis,

78 1319 110 1374 ut
132 1311 223 1374 honio
245 1330 263 1372 a
285 1310 407 1394 linguae
429 1330 502 1375 suae
529 1311 648 1395 flagello
679 1312 915 1376 absconderetur
931 1310 963 1397 3)
993 1321 1023 1376 et
1051 1333 1068 1376 a
1098 1332 1177 1377 con-

78 1425 222 1487 scientiae
246 1443 318 1488 suae
341 1425 519 1488 testimonio.
558 1425 758 1488 Verberarnur
782 1425 860 1488 eninr
882 1428 971 1490 tacito
988 1428 1177 1510 cogitationis

78 1546 202 1603 nostrae
233 1541 395 1621 opprobrio
426 1546 456 1601 et
484 1540 593 1603 iudicio
622 1542 822 1604 conscientiae
830 1563 839 1619 3
870 1543 1067 1604 verberamur
1089 1543 1177 1604 etiam

79 1655 164 1718 vocis
186 1660 308 1717 nostrae
329 1654 467 1734 verbere,
491 1672 558 1716 curn
574 1655 724 1735 loquimur
739 1673 784 1734 ea,
809 1674 935 1736 quorum
951 1673 1027 1719 sono
1043 1655 1179 1718 caeditur

78 1771 194 1833 animus
228 1777 332 1833 noster
366 1776 396 1832 et
428 1788 511 1832 mens
546 1771 761 1833 consauciatur.
809 1771 882 1844 Quis
914 1777 1013 1833 autem
1047 1776 1094 1832 est
1127 1769 1177 1851 qui

78 1883 221 1947 mundum
245 1902 300 1947 cor
322 1903 338 1946 a
361 1887 551 1966 peccatorum
567 1883 675 1945 lrabeat
690 1883 870 1946 conluvione
886 1891 936 1947 aut
951 1903 1013 1947 non
1028 1883 1178 1963 delinquat

78 2000 107 2062 in
130 1999 232 2082 lingua
255 1999 335 2061 sua‘l
378 1996 415 2059 Et
438 1995 523 2077 ideo,
555 1999 624 2078 quia
653 1999 800 2061 neminen
829 1998 949 2061 videbat
978 2005 1112 2060 sanctuni
1141 2013 1176 2060 os

78 2130 204 2177 servare
227 2128 319 2195 posse
342 2114 378 2175 ab
401 2111 575 2175 inmunditia
597 2113 755 2191 sermonis,
780 2113 845 2194 ipse
868 2113 925 2175 sibi
942 2112 1060 2175 silentio
1076 2111 1176 2194 legem

78 2229 211 2310 inposuit
233 2227 440 2308 innocentiae,
463 2235 496 2290 ut
519 2227 647 2290 tacendo
671 2226 785 2310 culparn
809 2225 988 2308 declinaret,
1016 2245 1102 2308 quarn
1125 2226 1177 2288 vix

80 2340 217 2424 effugere
238 2347 342 2423 posset
364 2340 525 2421 loquendo.

169 2454 198 2517 t.
242 2452 404 2517 Audiamus
428 2471 503 2536 ergo
527 2454 671 2517 cautionis
694 2454 882 2538 nagistrum:
895 2449 929 2537 ⁴)
949 2454 1040 2531 Diei,
1064 2462 1175 2518 costo-

80 2569 168 2631 diom
189 2568 261 2629 cios
281 2586 381 2643 meos,
405 2566 463 2628 hoc
486 2571 546 2645 est,
570 2565 632 2627 dixi
653 2566 733 2644 milri,
755 2567 845 2630 tacito
870 2566 1059 2648 cogitationis
1081 2580 1174 2647 prae-

80 2688 169 2764 cepto
192 2679 284 2743 indixi
306 2679 391 2758 milri,
416 2686 448 2742 ut
470 2677 652 2742 custodirem
675 2679 739 2741 vias
763 2697 853 2742 uncas.
897 2677 984 2742 Aliae
1006 2686 1075 2743 sunt
1096 2680 1173 2761 viae,

9 2870 15 2887 ι
80 2811 155 2876 quas
177 2794 321 2857 debemus
343 2791 440 2873 sequi,
464 2792 549 2870 aliae,
572 2806 649 2871 quas
670 2790 837 2855 custodire:
862 2792 948 2873 sequi
969 2794 1034 2855 vias
1053 2790 1174 2872 domini,

79 2907 233 2972 custodire
254 2915 383 2986 nostras,
404 2925 444 2969 ne
467 2908 497 2968 in
522 2906 637 2988 eadpain
660 2905 795 2988 dirigant.
835 2907 925 2970 Potes
948 2911 1045 2969 autern
1067 2912 1173 2970 custo-

79 3020 155 3102 dire,
177 3022 204 3085 si
224 3040 285 3085 non
308 3023 366 3084 cito
389 3020 530 3101 loquaris.
571 3019 636 3081 Lex
651 3018 735 3082 dicit:
749 3017 781 3105 ⁵)
804 3019 889 3083 Aodi
904 3020 1006 3084 lsrael
1019 3022 1193 3088 dominon

79 3136 170 3199 deam
192 3143 282 3200 mam.
326 3135 394 3199 Non
417 3133 504 3197 dicit:
536 3135 679 3215 loquere,
709 3133 763 3199 sed
791 3135 867 3198 audi.
911 3133 982 3197 ldeo
1005 3133 1068 3197 Eva
1089 3134 1172 3217 lapsa

79 3257 145 3331 est,
179 3250 247 3332 quia
276 3249 374 3312 locuta
405 3251 451 3310 eat
478 3247 543 3309 viro
574 3246 654 3328 quod
685 3266 745 3310 non
774 3246 907 3310 audierat
929 3265 947 3309 a
969 3245 1090 3308 domino
1113 3244 1170 3309 deo

78 3382 145 3428 ano.
181 3363 275 3426 Prima
297 3379 359 3425 vox
381 3360 429 3423 dei
451 3359 521 3422 dicit
541 3359 610 3421 tibi:
633 3357 727 3421 Aodi.
765 3360 796 3426 st
818 3360 931 3439 audias,
955 3358 1087 3423 custodis
1107 3358 1170 3421 vias

78 3485 161 3557 tuas,
190 3485 237 3558 et,
268 3479 294 3541 si
318 3476 420 3557 lapsus
442 3489 493 3553 es,
522 3474 581 3536 cito
604 3473 741 3558 corrigis.
786 3474 824 3537 ln
850 3493 911 3555 qao
938 3473 1017 3535 enim
1041 3471 1174 3553 corrigit

75 3591 221 3653 iuvenior
246 3589 331 3653 aiom
357 3606 464 3663 soom,
496 3587 558 3649 nin
579 3586 614 3647 in
637 3588 840 3651 eustodiendo
862 3587 958 3649 cerdo
980 3579 1170 3668 dominil&

77 3703 158 3768 'lace
179 3721 255 3786 ergo
277 3702 359 3785 prius
382 3706 412 3764 et
433 3699 510 3780 audi,
533 3707 564 3763 ut
587 3719 648 3763 non
672 3700 825 3784 delinquas
847 3702 878 3763 in
900 3701 1002 3782 lingua
1023 3705 1081 3762 tua.

163 3811 194 3879 8.
239 3812 338 3877 Grave
360 3813 482 3893 malum,
504 3817 537 3893 ut
559 3812 665 3895 aliquis
688 3832 743 3877 ora
765 3831 822 3877 suo
844 3813 1069 3878 condemnetur.
1112 3810 1168 3877 Et·

147 4085 161 4137 1
164 4094 176 4152 t
194 4084 274 4140 suae.
292 4083 335 4150 ao,
353 4082 378 4135 a.
443 4084 472 4151 a)
491 4082 532 4137 n.
551 4083 594 4151 aa,
612 4084 637 4137 a.
702 4083 731 4153 a)
749 4082 802 4137 rou.
821 4084 846 4149 5,
865 4083 907 4136 21.
974 4085 1004 4150 a)
1022 4083 1063 4139 n.
1081 4083 1124 4151 aa,
1142 4085 1167 4138 a.

76 4172 107 4245 a)
123 4171 201 4229 naui.
219 4172 246 4241 a,
263 4171 289 4225 a.
359 4170 389 4241 a)
407 4169 448 4226 n.
469 4170 528 4237 na,
546 4171 571 4227 a.
786 4168 791 4175 ·

128 4272 289 4349 arnonus.
939 4264 959 4332 3
