<?xml version="1.0" encoding="UTF-8"?>
<!DOCTYPE html PUBLIC "-//W3C//DTD XHTML 1.0 Transitional//EN"
    "http://www.w3.org/TR/xhtml1/DTD/xhtml1-transitional.dtd">
<html xmlns="http://www.w3.org/1999/xhtml" xml:lang="en" lang="en">
 <head>
  <title>
</title>
<meta http-equiv="Content-Type" content="text/html;charset=utf-8" />
  <meta name='ocr-system' content='tesseract 3.04.00' />
  <meta name='ocr-capabilities' content='ocr_page ocr_carea ocr_par ocr_line ocrx_word'/>
</head>
<body>
  <div class='ocr_page' id='page_1' title='image "./deofficiisminis00krabgoog_0194.png"; bbox 0 0 2692 4666; ppageno 0'>
   <div class='ocr_carea' id='block_1_1' title="bbox 273 284 1162 410">
    <p class='ocr_par' dir='ltr' id='par_1_1' title="bbox 273 284 1162 410">
     <span class='ocr_line' id='line_1_1' title="bbox 273 284 1162 410; baseline 0.004 -13"><span class='ocrx_word' id='word_1_1' title='bbox 273 284 342 397; x_wconf 59' lang='lat' dir='ltr'><strong>⁰1)ss</strong></span> <span class='ocrx_word' id='word_1_2' title='bbox 361 342 498 398; x_wconf 75' lang='lat' dir='ltr'><strong>omens</strong></span> <span class='ocrx_word' id='word_1_3' title='bbox 519 342 744 398; x_wconf 73' lang='lat' dir='ltr'><strong>mismotwtt</strong></span> <span class='ocrx_word' id='word_1_4' title='bbox 762 343 859 397; x_wconf 75' lang='lat' dir='ltr'><strong>trouu</strong></span> <span class='ocrx_word' id='word_1_5' title='bbox 876 343 919 397; x_wconf 78' lang='lat' dir='ltr'><strong>ut</strong></span> <span class='ocrx_word' id='word_1_6' title='bbox 1099 338 1162 410; x_wconf 74' lang='grc'><strong>177</strong></span> 
     </span>
    </p>
   </div>
   <div class='ocr_carea' id='block_1_2' title="bbox 54 503 1172 3078">
    <p class='ocr_par' dir='ltr' id='par_1_2' title="bbox 54 503 1167 1480">
     <span class='ocr_line' id='line_1_2' title="bbox 54 503 1163 586; baseline 0 -19"><span class='ocrx_word' id='word_1_7' title='bbox 54 509 156 567; x_wconf 86' lang='lat' dir='ltr'><strong>autem</strong></span> <span class='ocrx_word' id='word_1_8' title='bbox 178 505 281 566; x_wconf 87' lang='lat' dir='ltr'><strong>autin</strong></span> <span class='ocrx_word' id='word_1_9' title='bbox 305 504 467 568; x_wconf 72' lang='lat' dir='ltr'><strong>solitudine</strong></span> <span class='ocrx_word' id='word_1_10' title='bbox 488 505 644 568; x_wconf 77' lang='lat' dir='ltr'><strong>Iordanem</strong></span> <span class='ocrx_word' id='word_1_11' title='bbox 668 505 793 568; x_wconf 88' lang='lat' dir='ltr'><strong>transitu</strong></span> <span class='ocrx_word' id='word_1_12' title='bbox 816 522 874 568; x_wconf 84' lang='lat' dir='ltr'><strong>suo</strong></span> <span class='ocrx_word' id='word_1_13' title='bbox 898 503 1016 583; x_wconf 88' lang='lat' dir='ltr'><strong>dividit,</strong></span> <span class='ocrx_word' id='word_1_14' title='bbox 1037 512 1070 567; x_wconf 83' lang='lat' dir='ltr'><strong>ut</strong></span> <span class='ocrx_word' id='word_1_15' title='bbox 1092 522 1163 586; x_wconf 89' lang='lat' dir='ltr'><strong>pars</strong></span> 
     </span>
     <span class='ocr_line' id='line_1_3' title="bbox 56 617 1163 701; baseline 0.001 -21"><span class='ocrx_word' id='word_1_16' title='bbox 56 617 168 681; x_wconf 82' lang='lat' dir='ltr'><strong>defluat</strong></span> <span class='ocrx_word' id='word_1_17' title='bbox 189 621 358 701; x_wconf 79' lang='lat' dir='ltr'><strong>posterior,</strong></span> <span class='ocrx_word' id='word_1_18' title='bbox 390 621 530 701; x_wconf 82' lang='lat' dir='ltr'><strong>superior</strong></span> <span class='ocrx_word' id='word_1_19' title='bbox 559 626 657 683; x_wconf 87' lang='lat' dir='ltr'><strong>aulem</strong></span> <span class='ocrx_word' id='word_1_20' title='bbox 684 622 714 683; x_wconf 95' lang='lat' dir='ltr'><strong>in</strong></span> <span class='ocrx_word' id='word_1_21' title='bbox 743 618 856 682; x_wconf 84' lang='lat' dir='ltr'><strong>iontem</strong></span> <span class='ocrx_word' id='word_1_22' title='bbox 878 624 1030 695; x_wconf 87' lang='lat' dir='ltr'><strong>recurrat,</strong></span> <span class='ocrx_word' id='word_1_23' title='bbox 1061 623 1111 680; x_wconf 82' lang='lat' dir='ltr'><strong>aut</strong></span> <span class='ocrx_word' id='word_1_24' title='bbox 1133 619 1163 681; x_wconf 92' lang='lat' dir='ltr'><strong>iu</strong></span> 
     </span>
     <span class='ocr_line' id='line_1_4' title="bbox 57 732 1164 818; baseline -0.003 -23"><span class='ocrx_word' id='word_1_25' title='bbox 57 732 196 796; x_wconf 82' lang='lat' dir='ltr'><strong>Carmelo</strong></span> <span class='ocrx_word' id='word_1_26' title='bbox 218 733 353 797; x_wconf 92' lang='lat' dir='ltr'><strong>resoluta</strong></span> <span class='ocrx_word' id='word_1_27' title='bbox 375 733 545 797; x_wconf 85' lang='lat' dir='ltr'><strong>difficultate</strong></span> <span class='ocrx_word' id='word_1_28' title='bbox 576 734 740 818; x_wconf 82' lang='lat' dir='ltr'><strong>generandi</strong></span> <span class='ocrx_word' id='word_1_29' title='bbox 770 733 891 814; x_wconf 92' lang='lat' dir='ltr'><strong>inopina</strong></span> <span class='ocrx_word' id='word_1_30' title='bbox 922 732 1053 794; x_wconf 87' lang='lat' dir='ltr'><strong>sterilem</strong></span> <span class='ocrx_word' id='word_1_31' title='bbox 1085 749 1164 794; x_wconf 91' lang='lat' dir='ltr'><strong>con-</strong></span> 
     </span>
     <span class='ocr_line' id='line_1_5' title="bbox 57 847 1164 929; baseline -0.002 -19"><span class='ocrx_word' id='word_1_32' title='bbox 57 849 200 929; x_wconf 87' lang='lat' dir='ltr'><strong>ceptione</strong></span> <span class='ocrx_word' id='word_1_33' title='bbox 221 847 372 927; x_wconf 82' lang='lat' dir='ltr'><strong>fecundat,</strong></span> <span class='ocrx_word' id='word_1_34' title='bbox 396 855 445 911; x_wconf 88' lang='lat' dir='ltr'><strong>aut</strong></span> <span class='ocrx_word' id='word_1_35' title='bbox 463 850 622 911; x_wconf 89' lang='lat' dir='ltr'><strong>resuscitat</strong></span> <span class='ocrx_word' id='word_1_36' title='bbox 637 856 781 926; x_wconf 89' lang='lat' dir='ltr'><strong>mortuos,</strong></span> <span class='ocrx_word' id='word_1_37' title='bbox 805 852 855 911; x_wconf 92' lang='lat' dir='ltr'><strong>aut</strong></span> <span class='ocrx_word' id='word_1_38' title='bbox 870 847 1003 909; x_wconf 88' lang='lat' dir='ltr'><strong>ciborum</strong></span> <span class='ocrx_word' id='word_1_39' title='bbox 1020 852 1164 927; x_wconf 87' lang='lat' dir='ltr'><strong>temperat</strong></span> 
     </span>
     <span class='ocr_line' id='line_1_6' title="bbox 59 959 1165 1039; baseline 0.001 -19"><span class='ocrx_word' id='word_1_40' title='bbox 59 961 272 1025; x_wconf 74' lang='lat' dir='ltr'><strong>amaritudines</strong></span> <span class='ocrx_word' id='word_1_41' title='bbox 295 970 326 1024; x_wconf 84' lang='lat' dir='ltr'><strong>et</strong></span> <span class='ocrx_word' id='word_1_42' title='bbox 348 962 418 1026; x_wconf 82' lang='lat' dir='ltr'><strong>lacit</strong></span> <span class='ocrx_word' id='word_1_43' title='bbox 440 963 555 1026; x_wconf 82' lang='lat' dir='ltr'><strong>farinae</strong></span> <span class='ocrx_word' id='word_1_44' title='bbox 580 960 972 1039; x_wconf 76' lang='lat' dir='ltr'><strong>admixtione-dulcescere,</strong></span> <span class='ocrx_word' id='word_1_45' title='bbox 995 967 1045 1023; x_wconf 89' lang='lat' dir='ltr'><strong>aut</strong></span> <span class='ocrx_word' id='word_1_46' title='bbox 1060 959 1165 1022; x_wconf 88' lang='lat' dir='ltr'><strong>decem</strong></span> 
     </span>
     <span class='ocr_line' id='line_1_7' title="bbox 58 1072 1166 1158; baseline 0 -24"><span class='ocrx_word' id='word_1_47' title='bbox 58 1074 188 1156; x_wconf 88' lang='lat' dir='ltr'><strong>panibus</strong></span> <span class='ocrx_word' id='word_1_48' title='bbox 210 1074 374 1139; x_wconf 84' lang='lat' dir='ltr'><strong>distributis</strong></span> <span class='ocrx_word' id='word_1_49' title='bbox 398 1077 542 1158; x_wconf 79' lang='lat' dir='ltr'><strong>reliquias</strong></span> <span class='ocrx_word' id='word_1_50' title='bbox 565 1077 680 1158; x_wconf 66' lang='lat' dir='ltr'><strong>coiliffl&#39;t</strong></span> <span class='ocrx_word' id='word_1_51' title='bbox 701 1076 789 1158; x_wconf 82' lang='lat' dir='ltr'><strong>plebe</strong></span> <span class='ocrx_word' id='word_1_52' title='bbox 811 1081 958 1152; x_wconf 89' lang='lat' dir='ltr'><strong>saturata,</strong></span> <span class='ocrx_word' id='word_1_53' title='bbox 981 1080 1032 1136; x_wconf 90' lang='lat' dir='ltr'><strong>aut</strong></span> <span class='ocrx_word' id='word_1_54' title='bbox 1054 1072 1166 1135; x_wconf 79' lang='lat' dir='ltr'><strong>ferrum</strong></span> 
     </span>
     <span class='ocr_line' id='line_1_8' title="bbox 59 1182 1165 1270; baseline 0.003 -23"><span class='ocrx_word' id='word_1_55' title='bbox 59 1191 179 1250; x_wconf 88' lang='lat' dir='ltr'><strong>securis</strong></span> <span class='ocrx_word' id='word_1_56' title='bbox 200 1207 361 1253; x_wconf 85' lang='lat' dir='ltr'><strong>excussum</strong></span> <span class='ocrx_word' id='word_1_57' title='bbox 385 1197 416 1252; x_wconf 91' lang='lat' dir='ltr'><strong>et</strong></span> <span class='ocrx_word' id='word_1_58' title='bbox 437 1191 467 1251; x_wconf 94' lang='lat' dir='ltr'><strong>in</strong></span> <span class='ocrx_word' id='word_1_59' title='bbox 483 1189 566 1253; x_wconf 89' lang='lat' dir='ltr'><strong>fluvii</strong></span> <span class='ocrx_word' id='word_1_60' title='bbox 580 1188 716 1252; x_wconf 86' lang='lat' dir='ltr'><strong>Iordanis</strong></span> <span class='ocrx_word' id='word_1_61' title='bbox 732 1207 862 1251; x_wconf 89' lang='lat' dir='ltr'><strong>mersum</strong></span> <span class='ocrx_word' id='word_1_62' title='bbox 877 1187 1058 1270; x_wconf 80' lang='lat' dir='ltr'><strong>profundum</strong></span> <span class='ocrx_word' id='word_1_63' title='bbox 1073 1182 1165 1250; x_wconf 84' lang='lat' dir='ltr'><strong>misso</strong></span> 
     </span>
     <span class='ocr_line' id='line_1_9' title="bbox 60 1301 1167 1386; baseline -0.002 -23"><span class='ocrx_word' id='word_1_64' title='bbox 60 1302 92 1363; x_wconf 91' lang='lat' dir='ltr'><strong>in</strong></span> <span class='ocrx_word' id='word_1_65' title='bbox 122 1321 216 1384; x_wconf 88' lang='lat' dir='ltr'><strong>aquas</strong></span> <span class='ocrx_word' id='word_1_66' title='bbox 245 1302 328 1386; x_wconf 81' lang='lat' dir='ltr'><strong>ligno</strong></span> <span class='ocrx_word' id='word_1_67' title='bbox 358 1303 428 1366; x_wconf 86' lang='lat' dir='ltr'><strong>lacit</strong></span> <span class='ocrx_word' id='word_1_68' title='bbox 458 1309 673 1384; x_wconf 83' lang='lat' dir='ltr'><strong>supernatare,</strong></span> <span class='ocrx_word' id='word_1_69' title='bbox 705 1309 755 1366; x_wconf 89' lang='lat' dir='ltr'><strong>aut</strong></span> <span class='ocrx_word' id='word_1_70' title='bbox 782 1302 992 1364; x_wconf 87' lang='lat' dir='ltr'><strong>emundatione</strong></span> <span class='ocrx_word' id='word_1_71' title='bbox 1013 1301 1167 1382; x_wconf 90' lang='lat' dir='ltr'><strong>leprosum</strong></span> 
     </span>
     <span class='ocr_line' id='line_1_10' title="bbox 61 1414 994 1480; baseline -0.001 -3"><span class='ocrx_word' id='word_1_72' title='bbox 61 1423 113 1477; x_wconf 91' lang='lat' dir='ltr'><strong>aut</strong></span> <span class='ocrx_word' id='word_1_73' title='bbox 136 1417 298 1479; x_wconf 89' lang='lat' dir='ltr'><strong>siccitatem</strong></span> <span class='ocrx_word' id='word_1_74' title='bbox 320 1417 464 1480; x_wconf 87' lang='lat' dir='ltr'><strong>imbribus</strong></span> <span class='ocrx_word' id='word_1_75' title='bbox 488 1422 540 1478; x_wconf 89' lang='lat' dir='ltr'><strong>aut</strong></span> <span class='ocrx_word' id='word_1_76' title='bbox 561 1415 669 1479; x_wconf 81' lang='lat' dir='ltr'><strong>samem</strong></span> <span class='ocrx_word' id='word_1_77' title='bbox 691 1422 783 1479; x_wconf 82' lang='lat' dir='ltr'><strong>mutat</strong></span> <span class='ocrx_word' id='word_1_78' title='bbox 805 1414 994 1479; x_wconf 86' lang='lat' dir='ltr'><strong>fecunditate.</strong></span> 
     </span>
    </p>

    <p class='ocr_par' dir='ltr' id='par_1_3' title="bbox 62 1528 1172 3078">
     <span class='ocr_line' id='line_1_11' title="bbox 152 1528 1167 1612; baseline -0.002 -22"><span class='ocrx_word' id='word_1_79' title='bbox 152 1528 180 1590; x_wconf 79' lang='lat'><strong>7.</strong></span> <span class='ocrx_word' id='word_1_80' title='bbox 226 1530 352 1603; x_wconf 77' lang='lat' dir='ltr'><strong>Quando</strong></span> <span class='ocrx_word' id='word_1_81' title='bbox 376 1547 453 1612; x_wconf 82' lang='lat' dir='ltr'><strong>ergo</strong></span> <span class='ocrx_word' id='word_1_82' title='bbox 474 1531 569 1592; x_wconf 90' lang='lat' dir='ltr'><strong>iustus</strong></span> <span class='ocrx_word' id='word_1_83' title='bbox 592 1530 677 1592; x_wconf 88' lang='lat' dir='ltr'><strong>solus</strong></span> <span class='ocrx_word' id='word_1_84' title='bbox 702 1536 765 1607; x_wconf 87' lang='lat' dir='ltr'><strong>est,</strong></span> <span class='ocrx_word' id='word_1_85' title='bbox 801 1530 851 1610; x_wconf 88' lang='lat' dir='ltr'><strong>qui</strong></span> <span class='ocrx_word' id='word_1_86' title='bbox 874 1546 941 1592; x_wconf 85' lang='lat' dir='ltr'><strong>curn</strong></span> <span class='ocrx_word' id='word_1_87' title='bbox 965 1528 1024 1590; x_wconf 91' lang='lat' dir='ltr'><strong>deo</strong></span> <span class='ocrx_word' id='word_1_88' title='bbox 1046 1544 1167 1608; x_wconf 90' lang='lat' dir='ltr'><strong>semper</strong></span> 
     </span>
     <span class='ocr_line' id='line_1_12' title="bbox 62 1620 1168 1725; baseline -0.004 -19"><span class='ocrx_word' id='word_1_89' title='bbox 62 1643 137 1706; x_wconf 81' lang='lat' dir='ltr'><strong>est‘l</strong></span> <span class='ocrx_word' id='word_1_90' title='bbox 173 1620 300 1716; x_wconf 79' lang='lat' dir='ltr'><strong>Quando</strong></span> <span class='ocrx_word' id='word_1_91' title='bbox 322 1643 473 1706; x_wconf 88' lang='lat' dir='ltr'><strong>solitarius</strong></span> <span class='ocrx_word' id='word_1_92' title='bbox 498 1650 553 1722; x_wconf 86' lang='lat' dir='ltr'><strong>est,</strong></span> <span class='ocrx_word' id='word_1_93' title='bbox 577 1644 628 1725; x_wconf 88' lang='lat' dir='ltr'><strong>qui</strong></span> <span class='ocrx_word' id='word_1_94' title='bbox 647 1660 805 1723; x_wconf 88' lang='lat' dir='ltr'><strong>numquam</strong></span> <span class='ocrx_word' id='word_1_95' title='bbox 821 1647 976 1724; x_wconf 89' lang='lat' dir='ltr'><strong>separatur</strong></span> <span class='ocrx_word' id='word_1_96' title='bbox 991 1661 1008 1704; x_wconf 92' lang='lat' dir='ltr'><strong>a</strong></span> <span class='ocrx_word' id='word_1_97' title='bbox 1023 1640 1168 1711; x_wconf 81' lang='lat' dir='ltr'><strong>Christo?</strong></span> 
     </span>
     <span class='ocr_line' id='line_1_13' title="bbox 63 1754 1172 1840; baseline -0.002 -22"><span class='ocrx_word' id='word_1_98' title='bbox 63 1755 144 1832; x_wconf 79' lang='lat' dir='ltr'><strong>Quia</strong></span> <span class='ocrx_word' id='word_1_99' title='bbox 166 1775 237 1833; x_wconf 79' lang='lat' dir='ltr'><strong>noa,</strong></span> <span class='ocrx_word' id='word_1_100' title='bbox 261 1757 362 1837; x_wconf 83' lang='lat' dir='ltr'><strong>inquit,</strong></span> <span class='ocrx_word' id='word_1_101' title='bbox 376 1754 409 1840; x_wconf 86' lang='lat'><strong>¹)</strong></span> <span class='ocrx_word' id='word_1_102' title='bbox 431 1757 596 1837; x_wconf 82' lang='lat' dir='ltr'><strong>separabit</strong></span> <span class='ocrx_word' id='word_1_103' title='bbox 617 1776 638 1819; x_wconf 86' lang='lat' dir='ltr'><strong>a</strong></span> <span class='ocrx_word' id='word_1_104' title='bbox 659 1757 828 1819; x_wconf 81' lang='lat' dir='ltr'><strong>dilectione</strong></span> <span class='ocrx_word' id='word_1_105' title='bbox 852 1755 996 1818; x_wconf 76' lang='lat' dir='ltr'><strong>Christi?</strong></span> <span class='ocrx_word' id='word_1_106' title='bbox 1036 1754 1172 1833; x_wconf 75' lang='lat' dir='ltr'><strong>Confido</strong></span> 
     </span>
     <span class='ocr_line' id='line_1_14' title="bbox 64 1866 1168 1952; baseline -0.005 -20"><span class='ocrx_word' id='word_1_107' title='bbox 64 1871 141 1950; x_wconf 75' lang='lat' dir='ltr'><strong>pata</strong></span> <span class='ocrx_word' id='word_1_108' title='bbox 161 1890 261 1951; x_wconf 77' lang='lat' dir='ltr'><strong>neque</strong></span> <span class='ocrx_word' id='word_1_109' title='bbox 281 1890 379 1947; x_wconf 77' lang='lat' dir='ltr'><strong>mora,</strong></span> <span class='ocrx_word' id='word_1_110' title='bbox 402 1890 502 1952; x_wconf 83' lang='lat' dir='ltr'><strong>aeque</strong></span> <span class='ocrx_word' id='word_1_111' title='bbox 524 1872 602 1948; x_wconf 83' lang='lat' dir='ltr'><strong>citu,</strong></span> <span class='ocrx_word' id='word_1_112' title='bbox 626 1889 725 1951; x_wconf 82' lang='lat' dir='ltr'><strong>neque</strong></span> <span class='ocrx_word' id='word_1_113' title='bbox 749 1869 888 1950; x_wconf 79' lang='lat' dir='ltr'><strong>capetus.</strong></span> <span class='ocrx_word' id='word_1_114' title='bbox 928 1866 1052 1941; x_wconf 81' lang='lat' dir='ltr'><strong>Quando</strong></span> <span class='ocrx_word' id='word_1_115' title='bbox 1069 1873 1168 1928; x_wconf 91' lang='lat' dir='ltr'><strong>autem</strong></span> 
     </span>
     <span class='ocr_line' id='line_1_15' title="bbox 63 1980 1167 2065; baseline -0.001 -23"><span class='ocrx_word' id='word_1_116' title='bbox 63 1980 190 2044; x_wconf 82' lang='lat' dir='ltr'><strong>feriatur</strong></span> <span class='ocrx_word' id='word_1_117' title='bbox 211 2001 228 2043; x_wconf 97' lang='lat' dir='ltr'><strong>a</strong></span> <span class='ocrx_word' id='word_1_118' title='bbox 250 1983 376 2065; x_wconf 73' lang='lat' dir='ltr'><strong>negotio</strong></span> <span class='ocrx_word' id='word_1_119' title='bbox 400 1984 450 2064; x_wconf 87' lang='lat' dir='ltr'><strong>qui</strong></span> <span class='ocrx_word' id='word_1_120' title='bbox 472 1999 632 2062; x_wconf 84' lang='lat' dir='ltr'><strong>numquam</strong></span> <span class='ocrx_word' id='word_1_121' title='bbox 655 1981 778 2044; x_wconf 89' lang='lat' dir='ltr'><strong>leriatur</strong></span> <span class='ocrx_word' id='word_1_122' title='bbox 800 1999 817 2041; x_wconf 91' lang='lat' dir='ltr'><strong>a</strong></span> <span class='ocrx_word' id='word_1_123' title='bbox 840 1981 964 2057; x_wconf 89' lang='lat' dir='ltr'><strong>merito,</strong></span> <span class='ocrx_word' id='word_1_124' title='bbox 997 1997 1057 2060; x_wconf 79' lang='lat' dir='ltr'><strong>quo</strong></span> <span class='ocrx_word' id='word_1_125' title='bbox 1088 1996 1167 2042; x_wconf 87' lang='lat' dir='ltr'><strong>con-</strong></span> 
     </span>
     <span class='ocr_line' id='line_1_16' title="bbox 64 2093 1168 2179; baseline -0.004 -21"><span class='ocrx_word' id='word_1_126' title='bbox 64 2101 229 2158; x_wconf 85' lang='lat' dir='ltr'><strong>summatur</strong></span> <span class='ocrx_word' id='word_1_127' title='bbox 261 2096 442 2179; x_wconf 75' lang='lat' dir='ltr'><strong>negotium?</strong></span> <span class='ocrx_word' id='word_1_128' title='bbox 487 2097 602 2170; x_wconf 80' lang='lat' dir='ltr'><strong>Quibus</strong></span> <span class='ocrx_word' id='word_1_129' title='bbox 625 2101 724 2157; x_wconf 87' lang='lat' dir='ltr'><strong>aulem</strong></span> <span class='ocrx_word' id='word_1_130' title='bbox 746 2094 822 2156; x_wconf 87' lang='lat' dir='ltr'><strong>locis</strong></span> <span class='ocrx_word' id='word_1_131' title='bbox 844 2093 1098 2156; x_wconf 87' lang='lat' dir='ltr'><strong>circumscribitur</strong></span> <span class='ocrx_word' id='word_1_132' title='bbox 1120 2093 1168 2154; x_wconf 90' lang='lat' dir='ltr'><strong>cui</strong></span> 
     </span>
     <span class='ocr_line' id='line_1_17' title="bbox 64 2205 1168 2291; baseline 0 -23"><span class='ocrx_word' id='word_1_133' title='bbox 64 2212 146 2269; x_wconf 89' lang='lat' dir='ltr'><strong>totus</strong></span> <span class='ocrx_word' id='word_1_134' title='bbox 167 2205 296 2277; x_wconf 72' lang='lat' dir='ltr'><strong>iurandus</strong></span> <span class='ocrx_word' id='word_1_135' title='bbox 318 2207 484 2272; x_wconf 87' lang='lat' dir='ltr'><strong>divitiarum</strong></span> <span class='ocrx_word' id='word_1_136' title='bbox 506 2209 661 2291; x_wconf 91' lang='lat' dir='ltr'><strong>possessio</strong></span> <span class='ocrx_word' id='word_1_137' title='bbox 685 2205 757 2270; x_wconf 84' lang='lat' dir='ltr'><strong>est?</strong></span> <span class='ocrx_word' id='word_1_138' title='bbox 795 2205 859 2280; x_wconf 78' lang='lat' dir='ltr'><strong>Qua</strong></span> <span class='ocrx_word' id='word_1_139' title='bbox 882 2206 1088 2268; x_wconf 89' lang='lat' dir='ltr'><strong>aestimatione</strong></span> <span class='ocrx_word' id='word_1_140' title='bbox 1109 2206 1168 2268; x_wconf 89' lang='lat' dir='ltr'><strong>de-</strong></span> 
     </span>
     <span class='ocr_line' id='line_1_18' title="bbox 64 2292 1168 2401; baseline 0 -21"><span class='ocrx_word' id='word_1_141' title='bbox 64 2318 166 2382; x_wconf 88' lang='lat' dir='ltr'><strong>linitur</strong></span> <span class='ocrx_word' id='word_1_142' title='bbox 188 2321 241 2400; x_wconf 82' lang='lat' dir='ltr'><strong>qni</strong></span> <span class='ocrx_word' id='word_1_143' title='bbox 254 2292 422 2401; x_wconf 75' lang='lat' dir='ltr'><strong>¹nunquam</strong></span> <span class='ocrx_word' id='word_1_144' title='bbox 446 2320 589 2399; x_wconf 94' lang='lat' dir='ltr'><strong>opinione</strong></span> <span class='ocrx_word' id='word_1_145' title='bbox 622 2315 900 2399; x_wconf 78' lang='lat' dir='ltr'><strong>conprehenditur?</strong></span> <span class='ocrx_word' id='word_1_146' title='bbox 943 2313 1060 2378; x_wconf 87' lang='lat' dir='ltr'><strong>Etenim</strong></span> <span class='ocrx_word' id='word_1_147' title='bbox 1082 2319 1168 2397; x_wconf 87' lang='lat' dir='ltr'><strong>quasi</strong></span> 
     </span>
     <span class='ocr_line' id='line_1_19' title="bbox 67 2428 1168 2516; baseline -0.005 -19"><span class='ocrx_word' id='word_1_148' title='bbox 67 2432 226 2514; x_wconf 61' lang='lat' dir='ltr'><strong>murmur</strong></span> <span class='ocrx_word' id='word_1_149' title='bbox 248 2439 279 2496; x_wconf 87' lang='lat' dir='ltr'><strong>et</strong></span> <span class='ocrx_word' id='word_1_150' title='bbox 301 2434 505 2516; x_wconf 84' lang='lat' dir='ltr'><strong>cognoscitur,</strong></span> <span class='ocrx_word' id='word_1_151' title='bbox 521 2428 554 2514; x_wconf 80' lang='lat'><strong>²)</strong></span> <span class='ocrx_word' id='word_1_152' title='bbox 576 2432 662 2512; x_wconf 88' lang='lat' dir='ltr'><strong>quasi</strong></span> <span class='ocrx_word' id='word_1_153' title='bbox 684 2431 809 2493; x_wconf 87' lang='lat' dir='ltr'><strong>moritur</strong></span> <span class='ocrx_word' id='word_1_154' title='bbox 831 2437 860 2492; x_wconf 89' lang='lat' dir='ltr'><strong>et</strong></span> <span class='ocrx_word' id='word_1_155' title='bbox 883 2447 956 2492; x_wconf 88' lang='lat' dir='ltr'><strong>ecce</strong></span> <span class='ocrx_word' id='word_1_156' title='bbox 978 2431 1059 2508; x_wconf 85' lang='lat' dir='ltr'><strong>vivit,</strong></span> <span class='ocrx_word' id='word_1_157' title='bbox 1082 2431 1168 2510; x_wconf 87' lang='lat' dir='ltr'><strong>quasi</strong></span> 
     </span>
     <span class='ocr_line' id='line_1_20' title="bbox 68 2543 1169 2629; baseline -0.004 -21"><span class='ocrx_word' id='word_1_158' title='bbox 68 2547 162 2608; x_wconf 87' lang='lat' dir='ltr'><strong>tristia</strong></span> <span class='ocrx_word' id='word_1_159' title='bbox 184 2553 215 2610; x_wconf 85' lang='lat' dir='ltr'><strong>el</strong></span> <span class='ocrx_word' id='word_1_160' title='bbox 235 2565 356 2629; x_wconf 86' lang='lat' dir='ltr'><strong>semper</strong></span> <span class='ocrx_word' id='word_1_161' title='bbox 383 2546 505 2624; x_wconf 89' lang='lat' dir='ltr'><strong>laetior,</strong></span> <span class='ocrx_word' id='word_1_162' title='bbox 535 2551 567 2608; x_wconf 93' lang='lat' dir='ltr'><strong>ut</strong></span> <span class='ocrx_word' id='word_1_163' title='bbox 596 2563 712 2628; x_wconf 83' lang='lat' dir='ltr'><strong>egenus</strong></span> <span class='ocrx_word' id='word_1_164' title='bbox 742 2551 773 2607; x_wconf 91' lang='lat' dir='ltr'><strong>et</strong></span> <span class='ocrx_word' id='word_1_165' title='bbox 800 2543 919 2625; x_wconf 80' lang='lat' dir='ltr'><strong>largus,</strong></span> <span class='ocrx_word' id='word_1_166' title='bbox 952 2549 985 2604; x_wconf 93' lang='lat' dir='ltr'><strong>ut</strong></span> <span class='ocrx_word' id='word_1_167' title='bbox 1015 2544 1066 2624; x_wconf 87' lang='lat' dir='ltr'><strong>qui</strong></span> <span class='ocrx_word' id='word_1_168' title='bbox 1095 2543 1169 2605; x_wconf 91' lang='lat' dir='ltr'><strong>nibil</strong></span> 
     </span>
     <span class='ocr_line' id='line_1_21' title="bbox 68 2655 1169 2742; baseline -0.005 -20"><span class='ocrx_word' id='word_1_169' title='bbox 68 2659 178 2722; x_wconf 87' lang='lat' dir='ltr'><strong>babeat</strong></span> <span class='ocrx_word' id='word_1_170' title='bbox 200 2667 231 2722; x_wconf 87' lang='lat' dir='ltr'><strong>et</strong></span> <span class='ocrx_word' id='word_1_171' title='bbox 251 2659 405 2742; x_wconf 84' lang='lat' dir='ltr'><strong>possideat</strong></span> <span class='ocrx_word' id='word_1_172' title='bbox 428 2659 535 2723; x_wconf 90' lang='lat' dir='ltr'><strong>omnia.</strong></span> <span class='ocrx_word' id='word_1_173' title='bbox 572 2658 651 2721; x_wconf 88' lang='lat' dir='ltr'><strong>Nihil</strong></span> <span class='ocrx_word' id='word_1_174' title='bbox 675 2659 753 2720; x_wconf 88' lang='lat' dir='ltr'><strong>enirn</strong></span> <span class='ocrx_word' id='word_1_175' title='bbox 775 2664 891 2738; x_wconf 85' lang='lat' dir='ltr'><strong>spectat</strong></span> <span class='ocrx_word' id='word_1_176' title='bbox 915 2657 961 2718; x_wconf 87' lang='lat' dir='ltr'><strong>vir</strong></span> <span class='ocrx_word' id='word_1_177' title='bbox 982 2655 1088 2733; x_wconf 83' lang='lat' dir='ltr'><strong>iustus,</strong></span> <span class='ocrx_word' id='word_1_178' title='bbox 1110 2656 1169 2717; x_wconf 87' lang='lat' dir='ltr'><strong>nisi</strong></span> 
     </span>
     <span class='ocr_line' id='line_1_22' title="bbox 69 2765 1169 2853; baseline -0.005 -18"><span class='ocrx_word' id='word_1_179' title='bbox 69 2772 152 2853; x_wconf 82' lang='lat' dir='ltr'><strong>quod</strong></span> <span class='ocrx_word' id='word_1_180' title='bbox 175 2774 317 2838; x_wconf 66' lang='lat' dir='ltr'><strong>consens</strong></span> <span class='ocrx_word' id='word_1_181' title='bbox 332 2781 363 2836; x_wconf 89' lang='lat' dir='ltr'><strong>et</strong></span> <span class='ocrx_word' id='word_1_182' title='bbox 377 2774 535 2838; x_wconf 90' lang='lat' dir='ltr'><strong>bonestum</strong></span> <span class='ocrx_word' id='word_1_183' title='bbox 557 2779 612 2835; x_wconf 88' lang='lat' dir='ltr'><strong>est.</strong></span> <span class='ocrx_word' id='word_1_184' title='bbox 649 2772 687 2835; x_wconf 86' lang='lat' dir='ltr'><strong>Et</strong></span> <span class='ocrx_word' id='word_1_185' title='bbox 707 2771 788 2851; x_wconf 91' lang='lat' dir='ltr'><strong>ideo,</strong></span> <span class='ocrx_word' id='word_1_186' title='bbox 810 2770 940 2833; x_wconf 87' lang='lat' dir='ltr'><strong>etiamsi</strong></span> <span class='ocrx_word' id='word_1_187' title='bbox 963 2768 1012 2832; x_wconf 93' lang='lat' dir='ltr'><strong>alii</strong></span> <span class='ocrx_word' id='word_1_188' title='bbox 1030 2765 1169 2830; x_wconf 84' lang='lat' dir='ltr'><strong>videatur</strong></span> 
     </span>
     <span class='ocr_line' id='line_1_23' title="bbox 67 2879 1168 2967; baseline -0.002 -21"><span class='ocrx_word' id='word_1_189' title='bbox 67 2901 193 2967; x_wconf 84' lang='lat' dir='ltr'><strong>pauper,</strong></span> <span class='ocrx_word' id='word_1_190' title='bbox 215 2885 273 2948; x_wconf 83' lang='lat' dir='ltr'><strong>aibi</strong></span> <span class='ocrx_word' id='word_1_191' title='bbox 287 2883 373 2949; x_wconf 87' lang='lat' dir='ltr'><strong>divos</strong></span> <span class='ocrx_word' id='word_1_192' title='bbox 389 2892 435 2949; x_wconf 88' lang='lat' dir='ltr'><strong>est</strong></span> <span class='ocrx_word' id='word_1_193' title='bbox 457 2885 508 2967; x_wconf 82' lang='lat' dir='ltr'><strong>qui</strong></span> <span class='ocrx_word' id='word_1_194' title='bbox 522 2903 584 2948; x_wconf 92' lang='lat' dir='ltr'><strong>non</strong></span> <span class='ocrx_word' id='word_1_195' title='bbox 600 2902 715 2963; x_wconf 88' lang='lat' dir='ltr'><strong>eorum,</strong></span> <span class='ocrx_word' id='word_1_196' title='bbox 735 2901 815 2966; x_wconf 83' lang='lat' dir='ltr'><strong>quaa</strong></span> <span class='ocrx_word' id='word_1_197' title='bbox 837 2881 959 2961; x_wconf 86' lang='lat' dir='ltr'><strong>caduca,</strong></span> <span class='ocrx_word' id='word_1_198' title='bbox 982 2879 1168 2960; x_wconf 83' lang='lat' dir='ltr'><strong>acdeorum,</strong></span> 
     </span>
     <span class='ocr_line' id='line_1_24' title="bbox 68 2997 793 3078; baseline -0.001 -18"><span class='ocrx_word' id='word_1_199' title='bbox 68 3015 153 3078; x_wconf 85' lang='lat' dir='ltr'><strong>quac</strong></span> <span class='ocrx_word' id='word_1_200' title='bbox 171 3003 292 3062; x_wconf 85' lang='lat' dir='ltr'><strong>aeterua</strong></span> <span class='ocrx_word' id='word_1_201' title='bbox 314 3005 393 3078; x_wconf 89' lang='lat' dir='ltr'><strong>sunt,</strong></span> <span class='ocrx_word' id='word_1_202' title='bbox 417 2997 622 3060; x_wconf 87' lang='lat' dir='ltr'><strong>aestimatione</strong></span> <span class='ocrx_word' id='word_1_203' title='bbox 644 3002 793 3060; x_wconf 87' lang='lat' dir='ltr'><strong>censetur.</strong></span> 
     </span>
    </p>
   </div>
   <div class='ocr_carea' id='block_1_3' title="bbox 494 3182 743 3252">
    <p class='ocr_par' dir='ltr' id='par_1_4' title="bbox 494 3182 743 3252">
     <span class='ocr_line' id='line_1_25' title="bbox 494 3182 743 3252; baseline -0.024 0"><span class='ocrx_word' id='word_1_204' title='bbox 494 3184 666 3252; x_wconf 80' lang='lat' dir='ltr'>CAPUT</span> <span class='ocrx_word' id='word_1_205' title='bbox 699 3182 743 3246; x_wconf 91' lang='grc' dir='ltr'><strong>Π.</strong></span> 
     </span>
    </p>
   </div>
   <div class='ocr_carea' id='block_1_4' title="bbox 66 3305 1172 3733">
    <p class='ocr_par' dir='ltr' id='par_1_5' title="bbox 68 3305 1170 3386">
     <span class='ocr_line' id='line_1_26' title="bbox 68 3305 1170 3386; baseline -0.012 -17"><span class='ocrx_word' id='word_1_206' title='bbox 68 3317 144 3383; x_wconf 77' lang='lat' dir='ltr'><strong>Quod</strong></span> <span class='ocrx_word' id='word_1_207' title='bbox 162 3317 308 3386; x_wconf 82' lang='lat' dir='ltr'><strong>pbiloaopbi</strong></span> <span class='ocrx_word' id='word_1_208' title='bbox 326 3317 360 3368; x_wconf 89' lang='lat' dir='ltr'><strong>da</strong></span> <span class='ocrx_word' id='word_1_209' title='bbox 376 3316 480 3369; x_wconf 74' lang='lat' dir='ltr'><strong>bonesti</strong></span> <span class='ocrx_word' id='word_1_210' title='bbox 498 3321 575 3382; x_wconf 82' lang='lat' dir='ltr'><strong>atqua</strong></span> <span class='ocrx_word' id='word_1_211' title='bbox 592 3311 660 3362; x_wconf 80' lang='lat' dir='ltr'><strong>utilia</strong></span> <span class='ocrx_word' id='word_1_212' title='bbox 678 3311 861 3380; x_wconf 87' lang='lat' dir='ltr'><strong>conparatione</strong></span> <span class='ocrx_word' id='word_1_213' title='bbox 880 3310 1018 3376; x_wconf 80' lang='lat' dir='ltr'><strong>disputant,</strong></span> <span class='ocrx_word' id='word_1_214' title='bbox 1036 3306 1087 3359; x_wconf 86' lang='lat' dir='ltr'><strong>boc</strong></span> <span class='ocrx_word' id='word_1_215' title='bbox 1103 3305 1170 3374; x_wconf 86' lang='lat' dir='ltr'><strong>apud</strong></span> 
     </span>
    </p>

    <p class='ocr_par' dir='ltr' id='par_1_6' title="bbox 68 3390 1171 3468">
     <span class='ocr_line' id='line_1_27' title="bbox 68 3390 1171 3468; baseline -0.013 -12"><span class='ocrx_word' id='word_1_216' title='bbox 68 3401 226 3456; x_wconf 72' lang='lat' dir='ltr'><strong>Christianos</strong></span> <span class='ocrx_word' id='word_1_217' title='bbox 243 3403 328 3456; x_wconf 85' lang='lat' dir='ltr'><strong>locum</strong></span> <span class='ocrx_word' id='word_1_218' title='bbox 346 3420 399 3457; x_wconf 87' lang='lat' dir='ltr'><strong>non</strong></span> <span class='ocrx_word' id='word_1_219' title='bbox 416 3402 523 3465; x_wconf 82' lang='lat' dir='ltr'><strong>babere,</strong></span> <span class='ocrx_word' id='word_1_220' title='bbox 542 3398 633 3468; x_wconf 85' lang='lat' dir='ltr'><strong>quibua</strong></span> <span class='ocrx_word' id='word_1_221' title='bbox 653 3397 713 3449; x_wconf 88' lang='lat' dir='ltr'><strong>nibil</strong></span> <span class='ocrx_word' id='word_1_222' title='bbox 732 3396 803 3461; x_wconf 86' lang='lat' dir='ltr'><strong>utile,</strong></span> <span class='ocrx_word' id='word_1_223' title='bbox 821 3397 870 3446; x_wconf 86' lang='lat' dir='ltr'><strong>uiai</strong></span> <span class='ocrx_word' id='word_1_224' title='bbox 884 3394 953 3464; x_wconf 84' lang='lat' dir='ltr'><strong>quod</strong></span> <span class='ocrx_word' id='word_1_225' title='bbox 965 3396 1066 3447; x_wconf 83' lang='lat' dir='ltr'><strong>iustum.</strong></span> <span class='ocrx_word' id='word_1_226' title='bbox 1097 3390 1171 3455; x_wconf 77' lang='lat' dir='ltr'><strong>Quae</strong></span> 
     </span>
    </p>

    <p class='ocr_par' dir='ltr' id='par_1_7' title="bbox 67 3480 1168 3560">
     <span class='ocr_line' id='line_1_28' title="bbox 67 3480 1168 3560; baseline -0.013 -18"><span class='ocrx_word' id='word_1_227' title='bbox 67 3491 154 3542; x_wconf 87' lang='lat' dir='ltr'><strong>ollicia</strong></span> <span class='ocrx_word' id='word_1_228' title='bbox 179 3491 311 3560; x_wconf 82' lang='lat' dir='ltr'><strong>perfecta,</strong></span> <span class='ocrx_word' id='word_1_229' title='bbox 337 3506 436 3560; x_wconf 69' lang='lat' dir='ltr'><strong>quam</strong></span> <span class='ocrx_word' id='word_1_230' title='bbox 462 3484 566 3540; x_wconf 76' lang='lat' dir='ltr'><strong>media?</strong></span> <span class='ocrx_word' id='word_1_231' title='bbox 600 3484 713 3537; x_wconf 80' lang='lat' dir='ltr'><strong>Easdem</strong></span> <span class='ocrx_word' id='word_1_232' title='bbox 738 3498 818 3534; x_wconf 81' lang='lat' dir='ltr'><strong>rocca</strong></span> <span class='ocrx_word' id='word_1_233' title='bbox 844 3481 952 3532; x_wconf 74' lang='lat' dir='ltr'><strong>diversis</strong></span> <span class='ocrx_word' id='word_1_234' title='bbox 977 3480 1078 3533; x_wconf 75' lang='lat' dir='ltr'><strong>diversa</strong></span> <span class='ocrx_word' id='word_1_235' title='bbox 1102 3492 1168 3529; x_wconf 85' lang='lat' dir='ltr'><strong>con·</strong></span> 
     </span>
    </p>

    <p class='ocr_par' dir='ltr' id='par_1_8' title="bbox 66 3563 1172 3733">
     <span class='ocr_line' id='line_1_29' title="bbox 66 3563 1172 3646; baseline -0.016 -14"><span class='ocrx_word' id='word_1_236' title='bbox 66 3579 173 3642; x_wconf 67' lang='lat' dir='ltr'><strong>varim</strong></span> <span class='ocrx_word' id='word_1_237' title='bbox 200 3585 331 3646; x_wconf 77' lang='lat' dir='ltr'><strong>postremo</strong></span> <span class='ocrx_word' id='word_1_238' title='bbox 348 3579 432 3629; x_wconf 85' lang='lat' dir='ltr'><strong>virum</strong></span> <span class='ocrx_word' id='word_1_239' title='bbox 449 3577 541 3627; x_wconf 69' lang='lat' dir='ltr'><strong>iustum</strong></span> <span class='ocrx_word' id='word_1_240' title='bbox 559 3587 696 3642; x_wconf 87' lang='lat' dir='ltr'><strong>numquam</strong></span> <span class='ocrx_word' id='word_1_241' title='bbox 713 3570 799 3622; x_wconf 88' lang='lat' dir='ltr'><strong>alieno</strong></span> <span class='ocrx_word' id='word_1_242' title='bbox 822 3567 985 3620; x_wconf 90' lang='lat' dir='ltr'><strong>incommodo</strong></span> <span class='ocrx_word' id='word_1_243' title='bbox 1009 3563 1172 3617; x_wconf 69' lang='lat' dir='ltr'><strong>commodum</strong></span> 
     </span>
     <span class='ocr_line' id='line_1_30' title="bbox 168 3651 1078 3733; baseline -0.019 -15"><span class='ocrx_word' id='word_1_244' title='bbox 168 3679 241 3717; x_wconf 74' lang='lat' dir='ltr'><strong>auum</strong></span> <span class='ocrx_word' id='word_1_245' title='bbox 260 3678 396 3733; x_wconf 77' lang='lat' dir='ltr'><strong>quaerere,</strong></span> <span class='ocrx_word' id='word_1_246' title='bbox 414 3661 462 3714; x_wconf 83' lang='lat' dir='ltr'><strong>aad</strong></span> <span class='ocrx_word' id='word_1_247' title='bbox 481 3668 570 3713; x_wconf 83' lang='lat' dir='ltr'><strong>contra</strong></span> <span class='ocrx_word' id='word_1_248' title='bbox 591 3673 695 3727; x_wconf 79' lang='lat' dir='ltr'><strong>semper</strong></span> <span class='ocrx_word' id='word_1_249' title='bbox 714 3656 821 3708; x_wconf 86' lang='lat' dir='ltr'><strong>aliorum</strong></span> <span class='ocrx_word' id='word_1_250' title='bbox 839 3654 944 3709; x_wconf 75' lang='lat' dir='ltr'><strong>studere</strong></span> <span class='ocrx_word' id='word_1_251' title='bbox 961 3651 1078 3703; x_wconf 78' lang='lat' dir='ltr'><strong>utilitati.¹</strong></span> 
     </span>
    </p>
   </div>
   <div class='ocr_carea' id='block_1_5' title="bbox 71 3775 1172 3982">
    <p class='ocr_par' dir='ltr' id='par_1_9' title="bbox 71 3775 1172 3982">
     <span class='ocr_line' id='line_1_31' title="bbox 157 3775 1171 3867; baseline -0.011 -19"><span class='ocrx_word' id='word_1_252' title='bbox 157 3782 189 3848; x_wconf 70' lang='grc'>8</span> <span class='ocrx_word' id='word_1_253' title='bbox 231 3786 270 3849; x_wconf 86' lang='lat' dir='ltr'><strong>Et</strong></span> <span class='ocrx_word' id='word_1_254' title='bbox 303 3785 443 3867; x_wconf 86' lang='lat' dir='ltr'><strong>quoniam</strong></span> <span class='ocrx_word' id='word_1_255' title='bbox 475 3783 514 3845; x_wconf 91' lang='lat' dir='ltr'><strong>de</strong></span> <span class='ocrx_word' id='word_1_256' title='bbox 544 3782 661 3846; x_wconf 90' lang='lat' dir='ltr'><strong>duobus</strong></span> <span class='ocrx_word' id='word_1_257' title='bbox 692 3778 897 3862; x_wconf 90' lang='lat' dir='ltr'><strong>superioribus</strong></span> <span class='ocrx_word' id='word_1_258' title='bbox 925 3776 1002 3840; x_wconf 92' lang='lat' dir='ltr'><strong>locis</strong></span> <span class='ocrx_word' id='word_1_259' title='bbox 1033 3775 1171 3854; x_wconf 75' lang='lat' dir='ltr'><strong>dimmus,</strong></span> 
     </span>
     <span class='ocr_line' id='line_1_32' title="bbox 71 3891 1172 3982; baseline -0.012 -20"><span class='ocrx_word' id='word_1_260' title='bbox 71 3900 103 3962; x_wconf 91' lang='lat' dir='ltr'><strong>in</strong></span> <span class='ocrx_word' id='word_1_261' title='bbox 125 3898 234 3982; x_wconf 78' lang='lat' dir='ltr'><strong>quibus</strong></span> <span class='ocrx_word' id='word_1_262' title='bbox 255 3899 417 3964; x_wconf 84' lang='lat' dir='ltr'><strong>honestum</strong></span> <span class='ocrx_word' id='word_1_263' title='bbox 439 3897 511 3960; x_wconf 91' lang='lat' dir='ltr'><strong>illud</strong></span> <span class='ocrx_word' id='word_1_264' title='bbox 535 3904 565 3959; x_wconf 89' lang='lat' dir='ltr'><strong>et</strong></span> <span class='ocrx_word' id='word_1_265' title='bbox 586 3895 659 3959; x_wconf 90' lang='lat' dir='ltr'><strong>utile</strong></span> <span class='ocrx_word' id='word_1_266' title='bbox 681 3893 889 3971; x_wconf 87' lang='lat' dir='ltr'><strong>tractavimus,</strong></span> <span class='ocrx_word' id='word_1_267' title='bbox 914 3891 1050 3971; x_wconf 84' lang='lat' dir='ltr'><strong>sequitur</strong></span> <span class='ocrx_word' id='word_1_268' title='bbox 1074 3894 1172 3951; x_wconf 90' lang='lat' dir='ltr'><strong>ulrum</strong></span> 
     </span>
    </p>
   </div>
   <div class='ocr_carea' id='block_1_6' title="bbox 120 4133 962 4294">
    <p class='ocr_par' dir='ltr' id='par_1_10' title="bbox 120 4133 962 4294">
     <span class='ocr_line' id='line_1_33' title="bbox 141 4133 852 4210; baseline -0.01 -17"><span class='ocrx_word' id='word_1_269' title='bbox 141 4141 172 4210; x_wconf 86' lang='lat'><strong>1)</strong></span> <span class='ocrx_word' id='word_1_270' title='bbox 190 4138 262 4194; x_wconf 79' lang='lat' dir='ltr'><strong>Rom.</strong></span> <span class='ocrx_word' id='word_1_271' title='bbox 281 4138 309 4207; x_wconf 81' lang='lat'><strong>8,</strong></span> <span class='ocrx_word' id='word_1_272' title='bbox 326 4137 361 4190; x_wconf 77' lang='lat'><strong>35</strong></span> <span class='ocrx_word' id='word_1_273' title='bbox 380 4145 407 4189; x_wconf 88' lang='lat' dir='ltr'><strong>et</strong></span> <span class='ocrx_word' id='word_1_274' title='bbox 425 4136 467 4190; x_wconf 80' lang='lat'><strong>38.</strong></span> <span class='ocrx_word' id='word_1_275' title='bbox 538 4137 567 4200; x_wconf 77' lang='lat'><strong>2)</strong></span> <span class='ocrx_word' id='word_1_276' title='bbox 585 4136 610 4188; x_wconf 79' lang='grc'><strong>2.</strong></span> <span class='ocrx_word' id='word_1_277' title='bbox 623 4133 682 4188; x_wconf 87' lang='lat' dir='ltr'><strong>Cor.</strong></span> <span class='ocrx_word' id='word_1_278' title='bbox 701 4133 728 4200; x_wconf 81' lang='lat' dir='ltr'><strong>o,</strong></span> <span class='ocrx_word' id='word_1_279' title='bbox 746 4133 852 4202; x_wconf 76' lang='lat' dir='ltr'><strong>oreqq.</strong></span> 
     </span>
     <span class='ocr_line' id='line_1_34' title="bbox 120 4226 962 4294; baseline 0.005 -4"><span class='ocrx_word' id='word_1_280' title='bbox 120 4240 284 4290; x_wconf 73' lang='lat' dir='ltr'><strong>Amouda.</strong></span> <span class='ocrx_word' id='word_1_281' title='bbox 920 4226 962 4294; x_wconf 77' lang='lat'><strong>12</strong></span> 
     </span>
    </p>
   </div>
   <div class='ocr_carea' id='block_1_7' title="bbox 0 0 1365 4666">
    <p class='ocr_par' dir='ltr' id='par_1_11' title="bbox 0 0 1365 4666">
     <span class='ocr_line' id='line_1_35' title="bbox 0 0 1365 4666; baseline 0 0"><span class='ocrx_word' id='word_1_282' title='bbox 0 0 1365 4666; x_wconf 95' lang='lat' dir='ltr'><strong> </strong></span> 
     </span>
    </p>
   </div>
  </div>
 </body>
</html>
