2692 4666
260 318 263 322 ’
305 337 351 394 ns
370 336 507 395 cuncus
524 336 748 396 mnnrnonon
764 338 861 395 unsa
879 340 899 396 1.
1084 340 1147 408 107

144 496 215 565 216.
260 501 346 568 Alius
378 501 604 586 distinguendae
633 501 754 565 lectioni
785 502 897 585 aptior,
931 502 1004 567 alius
1034 501 1147 585 psalmo

58 613 194 696 gratior,
213 615 289 678 alius
312 613 519 678 exorcizandis
538 617 589 695 qui
608 614 684 677 malo
701 615 837 678 laborant
858 616 963 699 spiritu
985 615 1148 696 sollicitior,

56 727 133 790 alius
151 729 281 791 sacrario
300 728 477 808 oportunior
492 726 627 788 babetur.
660 726 741 788 llaec
760 727 857 789 omnia
873 732 989 809 spectet
1005 726 1148 790 sacerdos

56 844 87 900 et
107 837 178 918 quid
197 838 304 920 cuique
320 846 476 921 congruat,
498 837 528 900 id
548 837 638 900 oflicii
658 837 785 921 deputet.
825 839 891 913 Ouo
912 841 1020 904 etenim
1037 859 1148 903 unum-

56 970 208 1033 quemque
234 969 322 1015 suum
350 951 429 1013 ducit
458 950 625 1033 ingenium,
655 958 706 1014 aut
728 952 808 1033 quod
831 953 959 1018 cilicium
988 955 1090 1033 decet,
1120 953 1149 1015 id

56 1067 171 1129 maiore
191 1067 324 1148 inpletur
346 1066 449 1150 gratia.

144 1175 217 1243 217.
263 1179 322 1245 Sed
346 1178 375 1241 id
399 1195 466 1240 cum
488 1178 518 1239 iu
546 1178 626 1239 omui
654 1179 713 1240 vita
744 1177 881 1259 difficile,
911 1186 972 1243 tum
994 1180 1149 1242 innostro

57 1301 126 1358 actu
156 1293 357 1359 difficilimum
386 1297 443 1357 est
487 1290 573 1355 Amat
594 1293 679 1389 ‘enim
711 1295 917 1377 unusquisque
945 1293 1032 1376 sequi
1060 1294 1150 1356 vitam

56 1414 222 1491 parentum.
274 1407 411 1489 lienique
440 1406 576 1489 plerique
606 1406 644 1469 ad
673 1408 802 1471 militiam
834 1407 987 1488 feruntur,
1026 1425 1151 1489 quorum

56 1521 258 1584 militaverunt
278 1526 440 1603 parentes,
463 1519 512 1581 alii
535 1518 572 1581 ad
595 1519 726 1583 actiones
750 1519 892 1585 diversas.

147 1630 220 1698 218.
264 1633 297 1695 ln
320 1632 523 1697 ecclesiastico
553 1649 628 1696 vero
660 1632 758 1696 officio
786 1633 858 1697 nibil
881 1636 980 1699 rarius
1004 1635 1150 1716 invenias,

59 1766 149 1830 quam
179 1767 265 1830 eum,
295 1748 346 1830 qui
376 1752 518 1829 sequatur
545 1746 711 1811 iarstitutum
741 1749 849 1828 patris,
880 1749 929 1812 vel
952 1749 1020 1832 quia
1050 1751 1152 1834 gravis

60 1862 193 1925 detenet
215 1869 315 1943 actus,
338 1860 472 1943 velqnia
492 1861 655 1924 inlubrico
677 1868 773 1925 aetate
797 1861 942 1927 difficilior
965 1864 1151 1943 abstinentia,

58 1979 110 2044 vel
131 1980 200 2061 quia
222 1978 310 2041 alacri
340 1978 562 2043 adulescentiae
591 1976 707 2041 videtur
737 1979 797 2042 vita
819 1979 994 2057 obscurior;
1030 1987 1060 2042 et
1082 1979 1150 2044 ideo

60 2095 98 2157 ad
138 2113 173 2158 ea
207 2100 422 2158 convertuntur
459 2092 572 2173 studia,
611 2111 688 2175 quae
723 2093 926 2175 plausibiliora
964 2094 1150 2157 arbitrantur.

60 2208 232 2270 Praesentia
254 2207 364 2290 quippe
385 2207 503 2288 plures,
535 2225 623 2289 quam
645 2207 742 2272 futura
764 2207 944 2291 praeierunt.
989 2208 1033 2270 llli
1055 2215 1153 2271 autem

58 2321 282 2404 praesentibus,
313 2337 370 2384 nos
400 2320 507 2383 futuris
536 2321 700 2384 militamus.
745 2322 831 2385 Unde
863 2340 923 2403 quo
953 2324 1153 2404 praestantior

60 2451 167 2515 causa,
193 2452 231 2498 eo
254 2435 344 2498 debet
367 2452 436 2502 esse
459 2453 530 2497 cura
552 2437 699 2506 attentior.

424 2660 625 2777 [curuo
660 2705 765 2772 xnv.

60 2876 103 2929 lle
121 2875 227 2946 pulebm
245 2882 271 2927 et
289 2872 412 2926 bonerto:
441 2872 501 2943 quid
520 2872 552 2925 sit
569 2875 637 2925 inter
653 2871 696 2924 illa
714 2871 864 2926 discriminis
882 2880 933 2926 tam
951 2871 1018 2942 apud
1035 2869 1156 2940 profanos

425 2960 572 3027 tinctores,
591 2976 664 3029 mam
682 2976 776 3014 samos.

151 3119 224 3188 219.
269 3124 437 3186 'leneamus
460 3124 551 3207 igitur
573 3122 784 3209 verecundiam
807 3128 837 3185 et
859 3140 939 3201 eam,
966 3139 1044 3203 quae
1066 3122 1157 3185 totius
1217 3209 1219 3215 Ι

62 3238 145 3301 vitae
176 3244 311 3301 ornatum
341 3238 463 3318 attollit,
497 3238 680 3303 modestiam.
724 3239 791 3301 Non
823 3238 900 3301 enim
932 3237 1086 3301 mediocre
1112 3243 1158 3299 est

63 3351 313 3449 rebmauingutts
346 3351 467 3415 modum
499 3370 623 3414 servare
653 3357 741 3432 atque
770 3351 913 3432 inpartire
943 3351 1095 3430 ordinem,
1128 3352 1157 3413 in

65 3484 126 3547 quo
149 3442 224 3527 v‘ere
245 3464 398 3545 praelucet
419 3466 499 3546 illud,
523 3466 603 3548 quod
627 3466 769 3528 decorum
792 3437 915 3545 dicitur,
931 3466 1012 3548 quod
1033 3467 1074 3528 ita
1092 3484 1158 3527 curn

65 3580 194 3644 honesto
216 3579 367 3662 iungitur,
400 3587 433 3644 ut
457 3582 590 3662 separari
616 3597 676 3642 uon
704 3586 801 3661 queat
851 3580 1001 3662 Siquidem
1024 3587 1054 3642 et
1076 3556 1158 3660 quod

67 3693 154 3758 decet
174 3693 331 3756 honestum
354 3699 399 3754 est
422 3697 452 3753 et
474 3691 554 3773 quod
576 3691 734 3754 honestum
757 3699 804 3754 est
827 3691 932 3772 decet,
957 3698 989 3755 ut
1010 3691 1103 3774 magis
1128 3693 1158 3754 in

66 3825 205 3870 sermone
228 3805 375 3869 distinctio
398 3807 445 3884 sit,
468 3822 555 3886 quam
570 3805 599 3866 in
616 3806 726 3867 virtute
748 3804 898 3868 discretio.
935 3805 1064 3868 Differre
1081 3806 1158 3868 enim

67 3940 103 3985 ea
127 3921 204 3983 inter
226 3936 261 3982 se
283 3919 416 4001 intellegi
437 3925 549 4001 potest,
574 3919 716 4000 explicari
739 3936 800 3982 non
823 3925 929 4001 potest.

156 4033 228 4099 220.
273 4034 310 4098 Et
331 4040 363 4096 ut
386 4050 529 4096 conemur
550 4033 660 4116 aliquid
683 4051 792 4130 eruere
815 4033 1028 4113 distinctionis,
1058 4031 1159 4098 houe-

24 4102 28 4110 ἱ
68 4155 130 4222 stas
155 4146 236 4220 velut
264 4148 344 4220 bona
373 4147 504 4219 valitudo
527 4155 626 4213 estet
653 4149 797 4242 quaedam
826 4148 981 4223 salubritas
1012 4149 1158 4238 corporis,
