2692 4666
377 279 424 336 DE
442 278 579 338 omens
597 279 821 360 nmtsrnontttt
838 276 971 336 tmnn'l.
1156 283 1218 350 103

126 444 248 508 honesti
268 459 304 508 aa
326 439 428 508 decori
451 441 546 541 ippme
569 448 632 522 est,
664 441 744 524 quod
767 449 890 506 mortem
913 441 1048 506 servituti
1070 440 1219 525 praeierat

126 575 162 620 ac
184 555 362 640 turpitudini.
408 540 486 631 Quid
508 563 604 620 autem
629 555 667 619 de
689 562 851 639 martyrum
879 557 973 621 dicem
1003 555 1218 638 passionibus?

125 670 163 733 Et
186 689 227 734 ne
246 671 365 754 longius
388 688 550 754 vagemur,
578 688 648 733 num
671 671 817 734 minorem
841 670 878 733 de
901 670 1032 752 superbo
1054 687 1129 751 rege
1150 668 1218 731 Au-

124 786 226 851 tiocho
248 785 415 858 Maccabnei
438 785 523 865 pueri
545 790 729 848 revexerunt
751 785 943 866 triumphum,
967 801 1055 864 quam
1076 788 1217 866 parentes

125 900 263 982 proprii?
309 898 460 980 Siquidem
475 899 517 962 ilii
536 900 649 978 armati,
673 900 719 961 isti
743 900 808 961 siue
832 900 920 962 armis
944 896 1087 960 vicerunt.
1133 895 1218 962 Stetit

123 1014 235 1076 inuicta
254 1019 369 1094 septem
390 1028 551 1092 puerorum
575 1010 702 1089 cohors,
723 1007 750 1092 i)
785 1011 879 1092 regiis
906 1010 1002 1074 cincta
1030 1010 1216 1093 legionibus3

124 1126 301 1190 deiecerunt
334 1125 499 1206 supplicia,
536 1130 730 1187 cessaverunt
763 1109 912 1204 tortores,
950 1142 1009 1188 uon
1044 1123 1219 1188 deiecerunt

123 1247 280 1323 murtprcs.
333 1237 417 1301 Alius
450 1238 565 1300 corium
599 1238 702 1320 capitis
736 1244 842 1301 exutus
876 1239 1007 1319 speciem
1045 1242 1217 1317 mutaverat,

123 1355 261 1417 ahtutcm
291 1359 428 1429 auxerat3
458 1353 533 1415 alius
563 1352 695 1436 lingnam
718 1354 817 1416 iussus
849 1353 1055 1435 amputandam
1076 1370 1217 1436 promere

122 1465 293 1551 respondit:
327 1466 395 1530 Non
416 1467 501 1531 solus
524 1467 659 1529 dominus
692 1467 772 1529 audit
798 1467 975 1549 loquentes,
1008 1468 1058 1548 qui
1080 1465 1218 1529 audiebat

122 1583 252 1665 Moysen
279 1587 434 1644 tacentem.
452 1577 485 1664 Ἰ)
529 1582 597 1644 Plus
620 1578 699 1644 audit
725 1581 827 1644 tacitas
855 1581 1054 1664 cogitationes
1085 1597 1217 1659 suorum,

123 1715 210 1779 quam
225 1711 319 1759 voees
334 1695 471 1759 omnium.
516 1695 649 1777 Linguae
671 1695 821 1778 flagellum
845 1697 946 1773 times,
969 1694 1119 1778 flagellum
1142 1711 1216 1756 san-

121 1811 223 1895 punis
245 1827 307 1875 non
329 1809 438 1874 timos?
481 1810 575 1874 Habet
595 1817 624 1872 et
642 1811 764 1894 sanguis
787 1828 891 1873 vocem
915 1827 1008 1889 suam,
1031 1826 1088 1890 qua
1113 1808 1217 1871 clamat

122 1923 161 1988 ad
183 1922 290 2004 deum,
312 1923 390 1986 sicut
410 1923 544 1986 clamavit
565 1924 594 1985 in
617 1923 703 1987 hbet.
719 1920 752 2007 ³)

212 2032 286 2101 203.
330 2036 407 2112 Quid
442 2036 479 2100 de
513 2043 605 2100 matre
637 2038 759 2119 icquar,
776 2035 809 2121 ⁴)
843 2057 920 2119 quae
953 2038 1105 2118 spectabat
1139 2036 1216 2100 laeta

121 2149 250 2214 tiliorum
272 2156 344 2232 quot
365 2149 485 2228 funera,
509 2156 553 2214 tut
575 2156 695 2231 tropaea
719 2158 749 2213 et
772 2151 958 2214 morientium
985 2151 1110 2214 vocibus
1138 2156 1216 2212 tam-

123 2283 212 2346 quam
233 2264 420 2346 psallentium
443 2266 577 2329 cantibus
601 2266 818 2346 delectabatur,
852 2266 1081 2350 pulcherrimam
1103 2265 1216 2327 ventris

121 2378 178 2456 sui,
191 2376 332 2440 citharam
355 2377 385 2438 in
409 2376 474 2440 tiliis
499 2396 626 2441 cernens
642 2384 672 2441 et
686 2380 802 2460 pietatis
824 2379 1007 2442 harmoniam
1030 2379 1109 2443 omni
1132 2379 1217 2462 lyrae

121 2508 248 2554 numeru
272 2490 461 2555 dulciorem?

105 2614 109 2621 '
212 2602 285 2669 204.
332 2604 408 2680 Quid
426 2605 463 2668 de
481 2605 597 2668 bimulis
618 2606 740 2687 loquar,
763 2607 904 2688 quiante
926 2606 1051 2688 palmam
1074 2605 1216 2669 victoriae

122 2724 321 2803 acceperunt,
354 2737 441 2799 quam
471 2737 591 2782 sensum
623 2720 770 2783 naturae?
815 2718 892 2794 Quid
921 2719 958 2783 de
987 2725 1087 2783 sancta
1117 2718 1216 2803 tigne,

122 2854 200 2918 quae
223 2837 253 2898 in
276 2833 400 2898 duarum
429 2836 621 2897 maximarum
652 2853 753 2898 rerum
775 2835 872 2917 posita
894 2834 1045 2927 periculo,
1076 2834 1216 2899 eastitatis

122 2960 153 3016 et
170 2951 290 3030 salutis,
313 2951 476 3013 castitatem
498 2949 643 3032 protexit,
667 2951 791 3014 satutem
814 2968 880 3013 cum
900 2930 1105 3029 inmortalitate
1129 2969 1215 3016 com-

120 3065 269 3132 mutavit?

209 3177 282 3246 205.
327 3179 395 3242 Non
416 3183 639 3259 praetereamus
663 3180 749 3242 etiam
772 3185 905 3244 sanctum
928 3179 1136 3260 Laurentium,
1166 3179 1216 3261 qui

121 3315 190 3363 oum
213 3294 330 3359 uideret
344 3293 472 3376 Xystum
495 3293 667 3375 episcopum
685 3311 770 3356 suum
790 3293 827 3359 ad
848 3295 1020 3378 martyrium
1043 3294 1120 3374 duci,
1142 3294 1217 3357 tlere

122 3411 226 3493 coepit
246 3409 503 3492 non‘passioncm
533 3407 627 3486 iilius,
657 3407 711 3471 sed
734 3426 817 3471 snam
842 3409 1070 3473 remansionem.
1113 3407 1215 3489 ltaque

121 3526 167 3590 his
188 3524 290 3589 verbis
314 3524 464 3607 appellare
488 3523 601 3605 coepit:
626 3523 692 3597 Ouo
712 3523 906 3606 progrederis
928 3525 994 3588 sine
1016 3523 1085 3602 tilio,
1108 3524 1214 3619 paterss

121 3641 206 3719 Quo,
227 3638 372 3702 sacerdos
393 3643 511 3717 sancte,
535 3637 600 3700 sine
623 3636 748 3700 diacono
771 3656 917 3721 properas
939 3637 1015 3703 tuo?
1051 3637 1215 3719 Numquam

120 3752 299 3819 sacrificium
315 3751 380 3815 sine
394 3751 528 3815 ministro
551 3750 662 3815 offerre
685 3769 896 3816 consueveras.
936 3752 1012 3826 Quid
1028 3751 1122 3814 inme
1138 3771 1213 3837 ergo

193 4020 221 4086 1)
239 4020 264 4074 a.
284 4019 396 4075 naemu.
417 4020 443 4087 a,
463 4021 473 4070 r
496 4036 567 4090 seqq.
649 4021 679 4091 a)
697 4021 778 4076 stoa.
800 4022 840 4090 tt,
860 4022 900 4076 15.
983 4023 1012 4094 a)
1031 4021 1092 4078 cen.
1117 4010 1144 4090 t,
1170 4021 1210 4078 10.
1244 4064 1249 4070 .

120 4110 151 4183 4)
168 4109 194 4165 a.
211 4104 324 4171 beau.
344 4109 370 4179 u,
388 4108 423 4164 ao
441 4125 512 4180 seqq.
