2692 4666
398 302 444 357 ou
464 299 602 357 ormcus
619 298 843 354 nmsraoaou
860 300 956 354 amaa
974 301 992 352 1.
1128 262 1132 269 ’
1179 303 1242 368 113

145 463 275 528 veritate
296 463 428 527 infirmus
451 459 546 547 sum),
569 463 596 526 si
618 481 694 547 ergo
717 463 869 545 perfectus
893 462 957 541 sim,
980 462 1127 526 benedico
1147 461 1243 525 male-

147 578 307 658 dicentem,
330 579 407 642 sicut
429 577 627 641 benedicebat
651 585 682 640 et
696 577 813 656 Paulus,
838 578 888 657 qui
904 577 959 638 ait:
977 573 1005 659 ¹)
1028 576 1244 640 Maledicimm·

148 701 178 755 et
200 692 420 755 benedicimus.
463 689 608 753 Audierat
630 691 708 752 enim
725 689 888 752 dicentem:
904 685 936 772 Ἰ)
958 689 1087 769 Ditiqite
1103 690 1244 752 inimicos
1270 672 1273 679 ¹

147 815 288 883 oestrus,
323 813 411 868 crate
441 823 502 883 pro
538 803 800 867 calumniantibus
832 811 862 865 ct
890 803 1147 884 persequentibus
1177 823 1243 867 uos.

149 920 219 983 ldeo
243 938 318 1004 ergo
340 919 447 983 Paulus
470 920 712 1000 persecutionem
734 918 899 1001 patiebatur
922 926 952 981 et
973 920 1148 999 sustinebat,
1176 919 1244 1001 quia

148 1033 289 1096 vincebat
318 1039 349 1095 et
378 1032 530 1113 mitigabat
560 1030 718 1093 humanum
742 1031 879 1094 allectum
901 1034 1075 1114 propositae
1097 1033 1244 1096 mercedis

148 1147 254 1233 gratia,
276 1146 406 1209 attilius
429 1145 478 1208 dei
500 1145 594 1222 lieret,
619 1147 645 1207 si
669 1145 824 1209 dilexisset
846 1146 1003 1209 inimicum.

237 1257 310 1324 236.
355 1261 466 1323 Tamen
497 1265 526 1322 et
558 1265 691 1321 sanctum
714 1258 809 1321 David
840 1260 871 1321 in
901 1261 959 1324 hoc
987 1280 1108 1343 quoque
1131 1280 1245 1345 genere

149 1378 267 1440 virtutis
298 1377 430 1458 inparem
461 1375 551 1439 Paulo
584 1392 645 1438 non
676 1374 770 1437 fuisse
803 1375 935 1438 edocere
967 1393 1134 1456 possumus.
1188 1377 1245 1451 Qui

149 1491 246 1573 primo
276 1489 411 1572 quidem,
445 1509 510 1552 cum
542 1489 734 1553 malediceret
767 1491 794 1551 ei
827 1489 902 1551 lilius
937 1490 1034 1553 Semel
1064 1497 1093 1553 et
1125 1491 1245 1554 crimina

151 1606 304 1684 obiceret,
320 1603 353 1689 3)
385 1605 500 1668 tacebat
530 1612 559 1666 et
590 1604 811 1682 humiliabatur,
845 1611 874 1664 ct
896 1604 1002 1667 silebat
1024 1625 1041 1669 a
1064 1606 1149 1667 bonis
1172 1605 1245 1684 suis,

149 1720 210 1782 boc
234 1727 290 1798 est,
313 1721 459 1782 bonorum
482 1737 606 1799 operum
629 1718 826 1793 conscientia3
851 1717 958 1780 deinde
975 1719 1134 1798 expetebat
1148 1717 1245 1780 male-

151 1834 211 1897 dici
234 1835 301 1913 sibi,
325 1835 393 1916 quia
416 1832 572 1895 maledicto
596 1832 646 1895 illo
670 1831 797 1894 divinam
814 1830 988 1911 adquirebat
1004 1831 1244 1896 misericordiam.

239 1945 312 2013 237.
357 1946 432 2009 Vide
462 1952 559 2010 autern
590 1945 741 2028 quomodo
773 1951 802 2006 et
832 1944 1022 2007 humilitatem
1050 1952 1080 2007 et
1108 1946 1246 2008 iustitiam

151 2069 183 2125 et
197 2061 383 2145 prudentiam
399 2061 578 2125 emerendae
594 2080 610 2123 a
626 2060 747 2125 domino
764 2061 879 2143 gratiae
894 2061 1104 2123 reservaverit.
1149 2061 1245 2124 Primo

153 2175 242 2239 dixit:
259 2172 292 2259 ⁴)
322 2175 398 2238 Ideo
427 2176 585 2238 maledicit
611 2176 703 2252 mibi,
737 2176 812 2266 quin
842 2175 985 2237 dominus
1013 2174 1097 2236 dicit
1117 2174 1181 2250 illi,
1212 2182 1248 2235 ut

152 2293 328 2355 maledicat.
373 2291 471 2354 Habes
494 2290 701 2368 humilitatem,
725 2291 793 2370 quia
816 2308 861 2369 ea,
886 2307 962 2370 quae
985 2288 1122 2352 divinitus
1146 2290 1245 2368 impe-

153 2406 312 2483 rabantur,
351 2407 562 2488 aequanimiter
594 2407 679 2486 quasi
713 2405 850 2469 servulus
885 2403 1008 2470 ferenda
1042 2403 1245 2466 arbitrabatur.

153 2521 262 2584 lterum
279 2519 367 2582 dixit:
381 2517 413 2602 ⁵)
437 2521 528 2597 Ecce,
551 2521 636 2598 fitius
658 2540 753 2598 meus,
777 2521 832 2601 qui
855 2519 955 2580 euicit
976 2519 1015 2580 dc
1037 2526 1143 2578 uentre
1165 2537 1243 2594 uteo,

153 2636 277 2716 quaerit
306 2635 441 2698 unimam
467 2651 572 2694 mecm.
617 2631 716 2695 Habes
746 2632 900 2707 iustitiam;
932 2630 958 2692 si
988 2629 1066 2691 enim
1095 2628 1244 2690 anostris

153 2749 296 2830 graviora
325 2746 468 2829 patimur,
504 2764 558 2808 cur
591 2744 711 2827 indigne
744 2744 867 2807 ferimus
901 2762 977 2825 quae
1009 2742 1176 2806 inferuntur
1207 2743 1244 2807 ab

153 2861 285 2925 abeam?
323 2860 422 2923 Tertio
447 2853 550 2941 aittfi)
573 2858 698 2920 Dimitte
721 2858 818 2934 illum,
842 2866 876 2918 ut
897 2857 1074 2933 maledicat,
1096 2857 1245 2938 quoniam

110 3022 118 3040 .
154 2976 238 3039 diets
259 2975 309 3037 itti
331 2974 485 3050 dominus,
509 2981 544 3035 ut
564 2972 672 3034 vident
693 2972 937 3040 humiliationem
958 2990 1065 3048 uncum,
1094 2981 1124 3034 et
1145 2972 1245 3034 retri-

153 3089 225 3152 buet
253 3088 328 3150 milti
356 3089 496 3152 dominus
524 3106 585 3166 pro
616 3086 782 3149 maledicto
812 3087 879 3148 boc.
925 3086 988 3147 Nec
1017 3086 1112 3148 solum
1136 3087 1245 3150 convi-

152 3203 274 3266 tiantem
295 3201 433 3282 pertulit,
465 3200 519 3263 sed
543 3201 630 3263 etiam
652 3199 830 3282 lapidantem
853 3206 883 3261 et
904 3207 1080 3280 sequentem
1102 3201 1246 3263 inlaesum

152 3316 290 3397 reliquit,
323 3315 395 3395 quin
425 3314 512 3377 etiam
545 3317 627 3404 post⁸
645 3312 797 3375 victoriam
830 3312 942 3393 petenti
971 3312 1087 3374 veniam
1118 3312 1245 3375 libenter

153 3432 279 3516 ignovit.
297 3424 328 3513 7)

242 3541 314 3609 238.
360 3540 448 3617 Quod
480 3559 517 3603 eo
548 3540 677 3619 inserui,
712 3546 744 3600 ut
775 3538 950 3620 evangelico
981 3539 1085 3619 spiritu
1112 3545 1245 3602 sanctum

152 3656 248 3720 David
279 3673 342 3720 non
373 3653 469 3717 solum
498 3651 695 3730 inoffensum,
727 3648 892 3713 sedetiam
914 3658 1030 3733 gratum
1052 3651 1145 3716 fuisse
1167 3670 1245 3716 con-

154 3770 269 3834 vitianti
292 3770 433 3833 docerem
455 3773 486 3830 et
508 3766 684 3830 delectatum
707 3766 822 3848 potius,
855 3784 941 3846 quam
965 3774 1172 3850 exasperatam
1194 3767 1244 3828 in-

224 3952 253 4018 1)
272 3952 297 4006 1.
316 3948 374 4004 oar.
393 3951 419 4016 r,
438 3949 479 4001 12.
567 3949 595 4014 n
615 3947 702 4000 uasta.
723 3948 748 4014 5,
768 3947 810 4000 u.
899 3947 929 4016 a)
953 3948 977 4002 2.
995 3947 1059 4017 aeg.
1080 3947 1120 4013 re,
1140 3947 1155 3999 r
1173 3964 1244 4018 seqq.

153 4041 182 4106 r)
202 4039 227 4092 2.
246 4038 309 4108 aeg.
330 4038 371 4106 m,
392 4037 432 4092 10.
503 4037 530 4103 ⁵)
551 4035 612 4090 mia
632 4052 657 4089 v.
679 4036 718 4088 n.
784 4035 813 4104 a)
832 4034 897 4089 raa.
917 4053 941 4089 v.
964 4035 991 4086 m
1014 4051 1068 4104 seq.
1132 4034 1244 4103 urna.

153 4125 199 4192 aa,
219 4126 262 4181 22.

206 4226 365 4276 Auanoama.
1017 4221 1037 4283 8
