2692 4666
367 331 411 383 ott
432 329 567 383 otricus
588 328 808 382 ttttttst'ItOtttttt
828 328 924 382 LlBEll
943 329 983 382 lll.
1156 331 1216 394 201

120 494 234 572 lorum,
257 493 335 554 sieut
357 511 426 554 rcus
451 491 562 554 fraudis
586 492 721 554 interiit?
766 491 861 552 Licuit
882 490 984 571 utique
1008 487 1049 550 illi
1073 487 1144 549 nihil
1167 487 1219 550 ol·

120 607 204 684 lere,
240 613 270 667 et
302 607 359 668 boc
392 605 458 666 sine
493 604 597 668 lraude
630 605 761 667 fecisset.
808 602 867 667 Sed
902 604 971 684 quia
1000 599 1132 663 fraudem
1163 599 1219 661 ad-

120 721 256 798 miscuit,
295 737 355 781 non
394 717 575 780 liberalitatis
613 718 736 799 gratiam
774 717 956 796 reportavit,
995 712 1049 775 sed
1088 711 1220 774 fallaciae

120 852 250 915 poenam
274 831 411 894 exsolvit.

211 943 261 1008 75.
305 945 343 1007 Et
365 945 501 1007 dominus
523 943 554 1005 in
577 943 735 1025 evangelio
768 960 834 1004 cum
868 940 938 1003 dolo
962 937 1142 1002 accedentes
1166 956 1221 1000 rc-

122 1057 262 1140 pudiabat
286 1058 405 1120 dicens:
427 1053 454 1139 ¹]
481 1056 594 1134 Vulpes
614 1055 728 1133 foccos
750 1055 883 1130 babent,
908 1054 1046 1134 quoniam
1061 1054 1090 1113 in
1106 1051 1222 1134 simpli-

123 1173 211 1233 citate
242 1171 342 1233 cordis
366 1177 395 1232 et
416 1170 587 1231 innocentia
619 1187 675 1231 nos
705 1170 787 1231 iubet
816 1169 929 1230 vivere.
975 1165 1070 1228 David
1101 1184 1221 1246 quoque

122 1285 178 1345 ait:
191 1279 224 1364 Ἰ)
247 1281 335 1342 stem
357 1282 513 1342 novacula
532 1288 625 1342 acute
645 1279 752 1357 fecisti
775 1280 892 1356 dolum,
917 1280 1066 1361 nequitiae
1089 1297 1221 1361 arguens

123 1395 325 1477 proditorem,
349 1413 386 1457 co
411 1393 490 1474 quod
515 1395 740 1456 instrumentum
763 1393 933 1456 huiusmodi
956 1394 994 1456 ad
1016 1395 1141 1457 bominis
1164 1393 1221 1455 ad-

123 1509 241 1571 hibetur
273 1517 408 1570 ornatum
430 1514 460 1569 et
482 1508 656 1588 plerumque
686 1508 809 1571 ulcerat.
854 1509 885 1572 Si
912 1508 978 1588 quis
1011 1509 1099 1591 igitur
1129 1525 1222 1587 prae-

123 1621 225 1684 tendat
246 1622 371 1704 gratiam
394 1627 424 1684 et
446 1620 546 1683 dolum
576 1628 674 1683 nectat
696 1621 800 1683 Doech
832 1622 993 1702 proditoris
1010 1619 1041 1704 ³)
1073 1621 1222 1703 exemplo,

124 1743 156 1799 ut
178 1755 264 1814 eum,
293 1753 380 1816 quem
402 1744 565 1818 protegere
588 1734 712 1815 debeat,
743 1735 852 1817 prodat
874 1736 910 1798 ad
934 1741 1078 1816 mortem,
1108 1736 1222 1798 instru-

124 1851 215 1912 menti
246 1850 331 1912 istius
359 1849 572 1931 conparatione
607 1857 767 1928 censetur,
802 1849 882 1929 quod
920 1849 1021 1911 ebriae
1054 1852 1161 1913 mentis
1194 1856 1224 1912 ct

126 1964 277 2027 titubantis
301 1964 372 2025 vitio
396 1981 498 2025 manus
526 1962 685 2025 vulnerare
714 1964 886 2040 consuevit,
918 1964 996 2024 sicut
1017 1964 1073 2025 iste
1096 1964 1223 2026 malitiae

126 2079 226 2139 ebrius
244 2079 314 2140 viuo
330 2096 386 2158 per
400 2077 536 2139 funestae
559 2078 735 2157 proditionis
757 2076 897 2139 indicium
919 2074 1094 2139 Abimelech
1115 2095 1223 2140 sacer-

126 2192 186 2254 doti
201 2209 308 2254 necem
330 2191 441 2270 detulit,
458 2187 490 2274 ⁴)
516 2208 553 2253 eo
576 2189 656 2270 quod
679 2189 853 2271 prophetam
876 2189 1004 2271 hospitio
1028 2191 1222 2272 suscepisset,

126 2325 214 2386 quem
237 2324 294 2367 rex
317 2305 444 2367 invidiae
467 2321 611 2366 accensus
635 2303 759 2365 stimulis
781 2304 1027 2384 persequebatur.

532 2511 706 2577 CAPUT
741 2510 818 2574 XII.

125 2635 191 2687 tttbtt
211 2635 418 2703 promittendum,
439 2635 506 2703 qood
525 2637 558 2686 sit
577 2635 746 2697 inhonestum,
768 2649 817 2684 nec
834 2633 855 2682 si
874 2632 932 2700 quid
951 2631 1070 2682 iniustum
1088 2630 1222 2696 iuraveris,

126 2723 151 2773 id
170 2722 372 2785 observandum3
392 2723 417 2772 in
437 2738 487 2790 quo
505 2738 628 2790 peccasse
647 2721 763 2773 Herodes
782 2721 977 2780 demonstratur.
1007 2715 1129 2784 Culpatur
1147 2719 1224 2769 etiam

125 2817 214 2860 votum
232 2825 247 2859 a
266 2807 372 2875 lepbtbo
390 2818 560 2876 nuncupatum
578 2812 691 2878 itemque
710 2809 759 2860 alia
778 2809 876 2873 omnia,
896 2806 1026 2876 quaesibi
1045 2805 1142 2857 exsolvi
1161 2806 1224 2857 deus

125 2897 199 2949 nolit.
236 2895 351 2964 Denique
369 2897 417 2948 srlia
437 2899 551 2949 eiusdem
571 2897 676 2964 lephtbe
696 2914 751 2948 cnm
771 2896 870 2948 duobus
887 2894 1055 2963 Pythagoreis
1074 2895 1225 2962 conponitur

536 2988 617 3054 iisque
637 2987 809 3052 praeponitur.

214 3109 264 3174 tt.
308 3110 415 3172 Purum
437 3110 528 3192 igitur
550 3128 585 3172 ac
607 3110 757 3171 sincerum
781 3116 901 3190 oportet
923 3127 992 3170 esse
1015 3105 1169 3183 affectum,
1191 3108 1223 3165 ut

126 3224 333 3304 unusquisque
356 3223 518 3304 simplicem
541 3241 709 3284 sermonem
731 3222 882 3302 proferat,
913 3239 966 3283 vas
990 3237 1075 3283 suum
1097 3220 1128 3280 io
1149 3236 1225 3279 san-

127 3337 304 3399 ctificatione
328 3337 496 3416 possideat,
528 3356 584 3399 nec
607 3336 728 3398 lratrem
759 3335 1032 3415 circumscriptione
1063 3334 1223 3395 verborum

126 3451 263 3528 inducat,
294 3450 365 3512 nibil
387 3453 537 3532 promittat
559 3452 748 3514 inhonestum
754 3473 764 3525 3
795 3469 829 3511 ac
851 3450 877 3511 si
899 3447 1085 3529 promiserit,
1107 3445 1224 3509 tolera-

126 3565 215 3627 bilius
233 3570 279 3627 est
295 3567 475 3645 promissum
498 3582 558 3626 non
583 3563 694 3642 lacere,
718 3582 805 3643 quam
828 3560 940 3638 lacere,
963 3557 1042 3640 quod
1066 3565 1153 3640 turpe
1175 3558 1222 3620 sit.

217 3679 267 3740 tt.
313 3678 409 3758 Saepe
441 3677 576 3759 plerique
610 3678 817 3758 constringunt
840 3694 874 3738 se
897 3675 979 3756 ipsos
1004 3673 1076 3734 iuris
1106 3669 1224 3732 iurandi

126 3799 325 3870 sacramento,
347 3799 461 3854 etcum
480 3792 537 3872 ipsi
558 3793 766 3874 cognoverint,
788 3788 1015 3873 promittendum
1036 3805 1097 3849 non
1118 3784 1222 3864 luisse,

200 4057 229 4127 1)
247 4058 333 4115 narrt.
352 4063 377 4129 a,
397 4065 439 4116 ao.
492 4064 521 4130 2)
540 4062 630 4117 astum.
651 4063 694 4130 51,
706 4015 757 4121 a}
792 4063 820 4129 a)
841 4062 864 4116 t.
882 4062 946 4130 aeg.
966 4060 1009 4126 22,
1024 4042 1053 4114 ’9.
1109 4059 1138 4125 4)
1158 4057 1221 4111 rna.

125 4164 151 4202 v.
175 4146 217 4200 18.

947 4272 973 4307 -ae
