2692 4666
170 335 213 402 80
618 334 643 388 S.
663 284 817 389 nu'ssaosn
904 342 909 351 “

19 500 23 507 “
80 506 83 511 “
170 495 261 560 uitale
292 495 447 578 prouocati
473 496 600 581 gratiam
628 503 899 579 repraesentarent.
943 495 1079 579 Denique
1104 495 1264 579 posteain

171 615 279 675 terram
300 608 393 675 lsrael
414 609 521 675 venire
540 588 656 694 piratae
680 610 784 694 Syriae
807 611 990 677 destiterunt.

262 721 330 789 140.
374 725 406 791 si
429 744 505 808 ergo
527 727 613 789 etiam
636 726 665 788 in
689 726 766 789 bello
791 727 898 790 iustitia
921 729 1013 809 valet,
1037 712 1146 810 quanto
1169 728 1265 810 magis

171 840 202 904 in
223 859 296 923 pace
320 840 467 905 servanda
491 842 559 905 est?
603 841 639 903 Et
667 832 744 904 bano
766 843 889 926 gratiam
913 842 1125 926 prophetabis
1151 840 1263 921 detulit,

173 957 224 1037 qui
246 956 282 1018 ad
308 973 375 1017 eum
398 954 616 1036 corripiendum
639 963 790 1019 venerant.
836 958 885 1021 Sic
907 958 984 1019 enim
1006 957 1148 1040 legimus,
1184 956 1265 1037 quod

172 1071 202 1133 in
218 1070 404 1137 obsidionem
428 1071 493 1133 eius
512 1072 633 1133 miserat
646 1089 703 1132 rex
718 1072 824 1153 Syriae
847 1072 1010 1135 exercitum
1034 1089 1118 1133 suum
1142 1071 1265 1153 cognito

173 1184 251 1267 quod
273 1184 430 1249 Helisaeus
460 1191 557 1264 esset,
593 1187 641 1265 qni
666 1185 799 1248 consiliis
823 1192 853 1247 et
876 1184 1178 1268 argumentationibus
1201 1185 1266 1247 eius

173 1296 310 1365 ebriaret
333 1297 478 1363 omnibns.
523 1298 616 1372 Quem
640 1298 746 1363 uidens
770 1301 933 1362 exereitum
954 1298 1038 1363 Giezi
1060 1315 1167 1362 servus
1189 1316 1267 1379 pro·

174 1411 284 1497 phetae
309 1411 346 1474 de
369 1411 472 1474 salutis
502 1411 636 1492 periculo
668 1410 819 1492 trepidare
848 1411 972 1492 eoepit?
1016 1411 1070 1474 Cui
1099 1410 1172 1472 dixit
1191 1428 1268 1492 pro·

173 1525 279 1607 pheta:
298 1521 328 1608 ¹)
354 1523 428 1586 Noti
453 1523 569 1600 timere,
592 1524 739 1605 quonlam
759 1525 866 1602 plores
890 1525 1049 1619 nobiseum
1071 1532 1153 1601 sant,
1177 1544 1267 1605 qoam

173 1656 241 1713 mem
275 1639 347 1700 iltis.
393 1637 430 1698 Et
458 1644 584 1718 rogante
613 1636 758 1717 propheta
789 1643 822 1698 ut
852 1638 1037 1718 aperirentur
1069 1636 1147 1698 oculi
1176 1656 1268 1701 servo

135 1770 138 1779 ·
174 1728 248 1831 suo,
285 1751 378 1833 aperti
402 1755 479 1814 sunt.
525 1749 562 1812 Et
584 1749 656 1811 vidit
679 1750 777 1829 itaque
801 1748 884 1811 Giezi
907 1756 998 1812 totum
1028 1757 1156 1813 montem
1183 1752 1268 1832 equis

175 1865 319 1948 repletum
343 1874 372 1928 et
395 1866 531 1928 curribus
555 1865 584 1927 in
608 1866 731 1928 circuitu
753 1865 893 1928 Helisaei.
939 1865 1050 1940 Quibus
1078 1867 1269 1930 descenden-

61 2014 82 2063 ,¹
175 1981 254 2045 libus
277 1981 316 2043 ait
335 1979 495 2062 propheta:
512 1977 544 2063 2]
567 1979 725 2042 Pereota'et
747 1981 903 2057 dominos,
928 1982 1076 2043 coecitate
1099 1983 1270 2043 exereitum

64 2092 78 2097 ”
175 2093 295 2176 Syriae.
342 2093 407 2168 Ouo
431 2093 578 2173 inpetrato
602 2091 675 2153 dixit
698 2091 734 2153 ad
758 2093 866 2174 Syros:
880 2088 912 2174 ³)
940 2093 1044 2153 Venite
1064 2102 1216 2172 perime,
1241 2104 1271 2156 et

176 2210 288 2279 Meam
309 2227 366 2270 eos
390 2208 433 2268 ud
453 2207 621 2282 bominem,
653 2224 741 2285 qoem
771 2207 932 2284 quaeritis.
977 2205 1014 2268 Et
1043 2206 1182 2269 viderunt
1205 2208 1270 2269 He-

177 2322 310 2402 lisaeum,
332 2340 420 2403 quem
440 2322 594 2402 corripere
616 2320 783 2402 gestiebant
799 2326 828 2381 et
849 2319 985 2383 videntes
1008 2326 1111 2387 tenere
1131 2339 1191 2382 non
1208 2338 1269 2402 po-

176 2429 282 2501 teraub
327 2437 433 2517 Liquet
454 2436 543 2518 igitur
567 2435 653 2496 etiam
676 2435 705 2496 in
728 2434 805 2497 bello
833 2433 919 2496 fidem
943 2441 972 2496 et
993 2435 1130 2496 iustitiam
1153 2436 1269 2498 servari

66 2558 89 2601 ν’
162 2559 337 2634 reportare,
361 2568 418 2612 nee
440 2548 511 2612 illud
537 2548 678 2610 decorum
702 2566 771 2611 esse
793 2565 899 2629 posse,
923 2548 949 2608 si
971 2547 1099 2610 violetur
1120 2546 1202 2610 lidos.

267 2659 337 2726 141.
378 2661 515 2741 Denique
530 2660 616 2723 etiam
633 2659 822 2724 adversarios
838 2660 918 2722 molli
936 2667 1056 2724 veteres
1071 2661 1270 2743 appellatione

179 2777 382 2854 nominabant,
406 2782 437 2838 ut
460 2775 640 2856 peregrinos
664 2780 821 2846 vocarent3
844 2773 947 2835 hostes
971 2773 1048 2835 enim
1070 2775 1189 2854 antiquo
1212 2775 1271 2837 ritu

180 2890 332 2976 peregrini
366 2889 547 2953 dicebantur.
594 2887 680 2962 Quod
715 2905 811 2967 aeque
845 2887 931 2949 etiam
963 2887 1058 2968 ipsum
1090 2886 1127 2950 de
1145 2890 1271 2969 *nostris

180 3005 364 3086 adsumptum
387 3002 489 3067 dicere
512 3019 687 3085 possumus3
721 3001 910 3065 adversarios
943 3000 1021 3062 enim
1048 3020 1119 3065 suos
1142 3002 1270 3065 Hebraei

182 3119 365 3202 allophylos,
400 3119 542 3198 horest,
572 3118 755 3201 alienigenas
777 3117 880 3179 Latino
904 3117 1090 3198 appellabant
1111 3116 1270 3180 vocabulo.

180 3234 317 3315 Denique
340 3234 369 3295 in
392 3233 467 3294 libro
490 3249 653 3314 regnorum
683 3232 778 3313 primo
800 3233 844 3295 sio
865 3231 1007 3313 legimus:
1024 3227 1057 3315 ⁴)
1092 3231 1133 3292 Et
1152 3229 1272 3309 foetum

182 3356 229 3412 est
249 3350 283 3410 io
306 3347 415 3410 diebus
445 3346 529 3424 tttte,
560 3354 769 3409 oooeeoeraot
796 3345 991 3425 alienigenae
1013 3345 1047 3405 lo
1074 3364 1209 3426 pugnum
1231 3344 1274 3408 ad

182 3461 290 3526 Israel.

272 3571 342 3639 142.
388 3573 619 3638 Fundamentum
652 3592 726 3658 ergo
762 3581 807 3638 est
839 3575 967 3637 iustitiae
1000 3572 1073 3637 fides
1080 3593 1090 3649 3
1127 3573 1271 3637 iustorum

186 3689 263 3754 enim
285 3688 377 3753 oorda
399 3686 575 3750 meditantur
598 3686 702 3767 fidem,
726 3694 755 3750 et
778 3687 827 3768 qui
849 3705 884 3750 se
906 3686 1000 3750 iustus
1023 3693 1158 3766 accusat,
1182 3688 1271 3750 iusti-

185 3804 253 3871 tium
274 3819 364 3883 supra
386 3799 488 3879 fidem,
514 3799 639 3863 eollomt
646 3819 656 3876 3
681 3817 747 3863 nam
771 3807 839 3863 tuno
868 3799 976 3862 iustitia
999 3800 1064 3864 eius
1087 3799 1223 3882 adparet,
1246 3802 1273 3865 si

257 4064 285 4131 1)
313 4065 337 4117 1.
365 4064 427 4134 aeg.
455 4061 481 4127 6,
509 4061 550 4114 16.
671 4061 700 4128 2)
728 4059 791 4115 ibid.
818 4077 843 4115 v.
872 4060 912 4114 18.
1030 4060 1060 4131 3)
1085 4058 1157 4122 ibid·
1176 4076 1201 4115 v.
1230 4061 1271 4115 19.

187 4153 259 4225 tlt.
279 4153 389 4224 Regi,
409 4152 432 4206 1.
