2692 4666
378 339 424 394 ΒΕ
442 339 580 396 oomcns
597 336 824 398 mmsruotttttt
840 340 938 398 iussn
955 342 974 398 l.
1183 345 1233 421 39,

128 500 268 583 propriae
299 502 540 568 mansuetudinis.
595 505 663 568 Non
693 522 769 588 ergo
805 506 982 570 movebatur
1011 505 1147 569 convitiis
1178 505 1226 569 oui

129 615 296 680 abundabat
317 616 465 682 bonorum
489 637 614 702 operum
637 618 828 685 conscientia.

202 729 266 794 22.
311 730 413 813 ltaque
435 734 471 813 is,
496 737 546 815 qui
569 736 628 798 oito
651 736 757 799 iniuria
780 741 932 815 movetur,
955 733 1024 797 iaoit
1046 753 1081 799 se
1104 734 1226 818 dignum

129 841 224 905 videri
247 848 444 928 contumelia,
476 849 545 913 dum
568 850 631 912 vult
653 868 689 913 eo
712 849 851 932 indignus
872 850 1003 931 probari.
1046 849 1152 913 Melior
1179 856 1225 913 est

128 959 237 1038 itaque,
261 960 312 1039 qui
334 962 495 1029 contemnit
516 962 662 1041 iniuriam,
681 981 772 1043 quam
795 962 846 1043 qui
862 961 961 1039 dolet3
986 961 1037 1043 qui
1052 962 1131 1025 enim
1145 980 1224 1026 con-

127 1072 239 1152 temnit,
263 1075 347 1153 quasi
369 1093 429 1138 non
452 1076 568 1155 sentiat,
591 1076 630 1138 ita
652 1074 778 1158 despicit
785 1095 794 1152 3
823 1076 873 1155 qui
898 1082 994 1139 autem
1018 1075 1114 1157 dolet,
1138 1077 1223 1157 quasi

127 1187 266 1268 senserit,
290 1192 454 1269 torquetur.

535 1388 705 1457 CAPUT
738 1388 813 1455 VII.

126 1557 208 1623 Quam
233 1555 340 1626 pulchre
367 1546 491 1625 prooemii
515 1554 575 1607 loco
601 1561 734 1623 usurpatus
759 1552 835 1606 buerit
861 1553 971 1622 psalmus
996 1553 1143 1622 xxxvm,
1171 1571 1221 1626 quo

124 1645 244 1699 inductus
269 1647 310 1699 vir
337 1651 437 1697 sauctus
465 1644 497 1696 de
525 1643 613 1696 officiis
638 1642 751 1695 scribere
777 1644 921 1708 coustituit,
949 1643 1025 1712 idque
1049 1643 1143 1712 potiori
1167 1645 1222 1696 iuro

303 1750 376 1802 quam
395 1731 453 1784 olim
472 1728 562 1784 Cicero
582 1730 614 1783 od
631 1730 723 1798 lilium,
745 1738 772 1783 et
791 1747 865 1800 quem
885 1731 917 1783 ob
937 1747 1046 1784 oausam.

214 1874 265 1940 23.
310 1876 415 1958 Neque
436 1875 591 1959 inprovide
615 1873 651 1936 ad
676 1891 731 1938 vos
754 1872 831 1937 filios
855 1892 938 1937 moos
968 1875 1103 1939 scribens
1133 1875 1220 1940 buius

123 1992 230 2076 psalmi
260 1992 415 2074 prooemio
442 2008 515 2054 usus
544 2009 617 2053 sum.
664 1990 758 2063 Quem
787 1988 929 2072 psalmum
960 1989 1105 2071 propheta
1127 1989 1221 2053 David

124 2111 230 2171 saneto
252 2105 376 2169 idithum
399 2107 563 2170 canendum
587 2105 676 2184 dedit,
692 2101 722 2187 ¹)
746 2123 805 2188 ego
820 2105 906 2168 vobis
922 2105 1081 2168 tenendum
1096 2105 1220 2186 suadeo,

125 2219 290 2282 delectatus
319 2220 384 2282 eius
412 2238 505 2283 sensu
530 2217 680 2301 profundo
704 2227 733 2282 et
757 2219 865 2281 uirtute
887 2220 1108 2282 sententiarum.
1152 2218 1233 2317 Ad-¹

124 2333 269 2396 vertimus
299 2333 377 2395 enim
407 2351 446 2395 ex
475 2332 541 2408 bis,
578 2349 654 2412 quoe
684 2331 817 2394 breviter
845 2330 1019 2411 libavimus,
1052 2338 1082 2394 et
1113 2332 1221 2396 silendi

124 2446 294 2529 patientiam
326 2451 355 2506 et
382 2445 612 2526 oportunitatem
633 2443 776 2525 loquendi
798 2450 829 2505 et
850 2444 880 2505 in
903 2445 1118 2524 posterioribus
1142 2464 1220 2509 con-

124 2565 266 2642 temptum
288 2559 472 2639 divitiarum,
503 2576 580 2639 quae
603 2558 729 2620 maxima
757 2558 895 2621 virtutum
923 2559 1112 2623 fundamenta
1141 2568 1219 2643 sunt,

123 2675 182 2738 hoo
215 2674 330 2756 psalmo
363 2674 475 2738 dooeri.
529 2673 605 2736 Dum
640 2673 731 2755 igitur
763 2673 841 2736 huno
872 2674 1014 2754 psalmum
1049 2674 1219 2765 considero,

125 2789 268 2853 suecessit
290 2789 388 2851 animo
412 2787 450 2850 de
474 2786 579 2851 officiis
604 2788 745 2851 scribere.

211 2899 261 2967 24.
305 2902 351 2964 De
384 2901 491 2983 quibus
526 2902 640 2966 etiamsi
676 2901 792 2984 quidam
826 2902 1031 2987 philosophiae
1064 2904 1218 2969 studentes

124 3017 313 3098 scripserint,
344 3023 375 3079 ut
397 3016 552 3079 Panaetius
576 3023 606 3078 et
628 3016 706 3079 lilius
728 3017 793 3080 eius
822 3015 899 3097 apud
923 3015 1073 3097 Graecos,
1105 3018 1217 3082 Tullius

123 3131 202 3213 apud
224 3131 361 3211 Latinos,
392 3149 453 3193 non
481 3130 608 3194 alienum
637 3130 708 3194 duxi
739 3136 883 3195 anostro
906 3150 1047 3211 munere,
1077 3138 1109 3196 ut
1131 3135 1218 3197 etiam

123 3247 188 3330 ipse
211 3247 383 3309 scriberem.
421 3246 458 3309 Et
480 3247 557 3309 siout
572 3246 685 3310 Tullius
709 3245 744 3308 ad
768 3246 1080 3326 erudiendum-filium,
1103 3247 1142 3310 ita
1158 3266 1217 3332 ego

123 3376 244 3441 quoque
272 3357 388 3421 advos
417 3357 620 3422 informandos
650 3357 726 3422 filios
756 3377 839 3423 meos
845 3380 855 3436 ς
887 3334 986 3440 neque
1017 3360 1094 3423 enim
1120 3362 1216 3425 minus

122 3491 179 3537 vos
215 3471 326 3556 diligo,
363 3489 441 3555 quos
456 3536 461 3567 3
479 3474 509 3535 in
547 3472 705 3554 evangelio
744 3474 853 3555 genui,
892 3491 978 3554 quam
1015 3475 1039 3537 si
1074 3474 1217 3558 coniugio

122 3588 330 3670 suscepissem.
369 3587 437 3651 Non
452 3581 530 3651 enim
545 3586 751 3653 vehementior
770 3591 941 3652 est'natura
964 3588 1001 3651 ad
1025 3586 1215 3672 diligendum,

122 3722 211 3785 quam
243 3703 347 3785 gratio.
403 3702 471 3766 Pius
503 3708 586 3776 certe
623 3701 749 3785 diligere
785 3701 926 3766 debemus
960 3720 1037 3784 quos
1069 3711 1215 3785 perpetuo

121 3819 276 3882 nobiseum
298 3824 433 3901 putamus
457 3816 589 3900 futuros,
614 3839 700 3902 quam
723 3838 798 3902 quos
821 3821 850 3883 in
872 3808 931 3887 hoo
952 3825 1063 3883 tantum
1084 3819 1213 3883 saeculo.

121 3933 165 3998 Illi
195 3932 363 4015 degeneres
393 3941 555 3998 naseuntur
585 3934 774 4015 frequenter,
809 3936 859 4017 qui
889 3935 1054 3999 dedeceant
1081 3940 1213 4018 patrem3

123 4087 327 4097 ——-——-·

192 4176 220 4245 1)
240 4172 280 4228 Ps.
299 4173 343 4242 38,
362 4175 386 4231 1.
