2692 4666
182 331 246 396 124
625 326 650 379 s.
669 325 824 380 anaaosn

270 485 300 551 3.
345 487 516 552 honestatis
545 478 636 572 igitur
666 493 712 552 est
740 488 788 550 vel
817 487 1049 553 misericordiam
1080 488 1201 570 lacere,
1231 489 1279 553 vel

180 602 321 666 ieiunium
344 600 465 664 deferre
487 602 517 664 in
540 600 733 680 abscondito,
764 608 799 663 ut
819 600 988 664 mercedem
1015 602 1146 667 videaris
1169 622 1188 668 a
1210 603 1278 669 solo

181 716 239 780 deo
268 722 320 779 tuo
351 733 515 796 quaerere,
550 733 610 778 non
641 715 727 777 etiam
758 716 794 778 ah
825 715 1003 779 hominibus.
1048 717 1122 780 Nam
1158 719 1210 798 qui
1240 718 1278 782 ah

180 830 348 894 hominibus
372 829 504 909 quaerit,
534 829 622 891 habet
644 829 812 891 mercedem
835 847 935 906 suam;
966 831 1016 911 qui
1046 837 1144 894 autem
1168 850 1185 894 a
1209 831 1278 912 deo,

180 945 270 1008 hahet
293 945 380 1006 vitam
403 949 571 1022 aeternam,
599 960 686 1023 quam
712 948 865 1023 praestare
889 960 949 1005 non
971 950 1070 1025 polest
1092 945 1150 1007 nisi
1173 952 1278 1009 auctor

182 1060 379 1139 aeternitatis,
402 1059 480 1121 sicut
502 1057 574 1122 illud
597 1065 659 1121 est:
680 1056 708 1143 ¹)
731 1058 828 1121 Acran
851 1059 923 1122 dico
947 1059 1022 1137 tihi,
1046 1058 1138 1121 hodie
1160 1079 1277 1124 macram

182 1175 246 1238 eris
268 1175 302 1236 ic
319 1173 487 1253 paradiso.
532 1172 616 1236 Unde
640 1175 815 1255 expressius
839 1173 990 1256 Scriptura
1013 1175 1102 1236 vilem
1125 1181 1279 1241 aeternam

183 1289 341 1372 appellavit
363 1306 442 1366 eam,
473 1306 550 1369 quae
572 1289 611 1352 sit
632 1289 735 1368 beata,
769 1296 882 1352 utnon
906 1289 1054 1352 hominum
1087 1289 1279 1372 opinionibus

183 1400 395 1467 aestimandum
426 1400 660 1480 relinqueretur,
693 1400 747 1462 sed
773 1398 873 1463 divino
897 1398 1006 1464 iudicio
1037 1402 1279 1465 committeretur.

446 1620 468 1667 ⁰
607 1623 777 1690 CAPUT
813 1625 854 1689 ll.

182 1794 273 1846 Variae
292 1791 500 1862 philosopherum
518 1791 551 1844 de
568 1790 725 1842 heatitudine
743 1791 891 1858 opiniones;
911 1805 967 1842 eam
984 1791 1010 1842 in
1029 1790 1071 1842 (lei
1089 1757 1239 1858 cognitione
1250 1806 1280 1842 ae

182 1881 307 1934 honorum
325 1896 431 1949 operum
449 1880 534 1933 stadio
557 1880 712 1944 consistere,
736 1880 842 1947 primum
859 1877 980 1955 probatur
999 1895 1030 1929 ex
1047 1877 1199 1953 evangeli03
1227 1885 1280 1931 hum

182 1985 215 2021 ne
234 1985 249 2023 a
266 1968 421 2039 philosophis
445 1967 563 2020 videatur
591 1966 639 2017 hoc
663 1974 806 2035 sumptum,
832 1965 1014 2034 prophetarum
1038 1966 1189 2018 lestimoniis
1214 1980 1279 2016 con·

671 2055 788 2106 firmatur.

271 2197 299 2262 4.
344 2199 445 2281 ltaque
467 2198 637 2281 philosophi
666 2200 753 2261 vitam
776 2200 910 2278 beatam,
941 2199 989 2261 alii
1012 2199 1041 2260 in
1065 2216 1125 2262 non
1150 2196 1280 2261 dolendo

182 2319 363 2395 posueruut,
385 2319 420 2375 ut
440 2312 654 2395 Hieronymus,
678 2312 727 2393 alii
749 2313 779 2375 in
800 2330 901 2375 rerum
924 2307 1064 2393 scientis,
1087 2320 1120 2376 ut
1141 2313 1280 2393 Herilhrs,

183 2430 233 2511 qui
255 2427 379 2492 audiens
401 2428 438 2490 ab
461 2426 622 2490 Aristotele
645 2434 675 2488 et
698 2426 905 2507 Theophrasto
935 2427 1107 2490 mirabiliter
1132 2427 1280 2491 laudatam

183 2562 253 2607 esse
268 2561 367 2606 rerum
383 2542 545 2620 seientiam,
568 2539 661 2603 solam
678 2558 742 2601 eam
765 2541 850 2621 quasi
872 2558 1015 2602 summum
1037 2541 1147 2603 honum
1171 2541 1278 2623 posuit,

183 2680 249 2725 cum
272 2660 313 2723 illi
335 2678 399 2721 eam
425 2658 507 2739 quasi
530 2659 656 2736 honum,
690 2674 750 2718 non
775 2658 859 2736 quasi
881 2655 978 2719 solum
1001 2657 1110 2719 honum
1132 2655 1281 2720 laudave-

182 2777 247 2838 rint.
294 2775 353 2837 Alii
375 2775 557 2855 voluptatem
581 2772 737 2851 dixerunt,
760 2778 791 2834 ut
813 2773 960 2854 Epicurus
968 2795 976 2850 ;
1004 2773 1067 2851 alii,
1091 2779 1123 2834 ut
1146 2771 1279 2855 Callipho

184 2896 214 2953 et
236 2897 305 2972 post
328 2908 395 2952 eum
417 2888 583 2967 Diodorus,
615 2889 652 2950 ita
676 2889 861 2968 interpretati
892 2894 978 2968 sunt,
1008 2893 1039 2950 ut
1062 2887 1136 2950 alter
1159 2887 1196 2951 ad
1221 2907 1280 2952 vo-

183 3005 337 3087 luptatem,
372 3003 446 3066 alter
477 3005 514 3068 ad
544 3005 723 3067 vacuitatem
757 3003 870 3067 doloris
903 3004 1085 3068 consortium
1115 3002 1280 3067 honestatis

183 3119 396 3203 adiungerent,
420 3119 499 3200 quod
520 3122 585 3182 sine
605 3138 640 3181 ea
661 3138 722 3182 non
745 3120 839 3201 possit
864 3136 932 3182 esse
955 3119 1041 3182 beata
1062 3118 1130 3181 vita.
1176 3117 1279 3183 Zenon

184 3232 302 3299 Stoicus
324 3235 421 3298 solum
445 3241 475 3297 et
498 3254 640 3298 summum
671 3235 798 3312 bonum,
831 3233 910 3313 quod
934 3233 1089 3296 honestum
1113 3239 1159 3294 est
1167 3253 1176 3309 3
1206 3231 1280 3296 Ari-

184 3351 307 3414 stoteles
330 3358 428 3413 autem
449 3351 497 3413 vel
513 3350 736 3432 Theophrastus
761 3355 790 3410 et
813 3349 907 3411 ceteri
923 3347 1107 3430 Peripatetici
1122 3347 1153 3409 in
1170 3347 1279 3410 virtute

185 3464 312 3547 quidem,
330 3464 388 3528 hoc
404 3473 459 3546 est,
482 3466 638 3529 honestate
655 3465 742 3527 vitam
757 3465 872 3527 beatam
889 3482 968 3543 esse,
993 3461 1046 3525 sed
1066 3438 1201 3543 conpleri
1217 3463 1279 3525 eius

184 3577 398 3641 beatitudinem
421 3578 507 3640 etiam
531 3579 667 3658 corporis
690 3586 780 3658 atque
803 3577 935 3638 externis
959 3577 1046 3640 honis
1073 3576 1278 3639 adseruerunt.

272 3690 300 3758 5.
347 3692 498 3774 Scriptura
520 3698 617 3754 autem
648 3690 746 3754 divina
769 3675 858 3754 vitam
881 3697 1031 3753 aeternam
1053 3692 1083 3753 in
1107 3691 1279 3774 cognitione

185 3808 284 3889 posuit
308 3807 464 3870 divinitatis
487 3813 516 3869 et
531 3805 629 3870 fructu
652 3809 749 3871 honae
774 3807 963 3887 operationis.
1009 3806 1146 3888 Denique
1168 3807 1278 3869 utrius-

186 3940 245 4003 que
280 3921 457 3985 adserlionis
491 3922 696 4006 evangelicum
728 3922 857 4004 suppetit
889 3922 1096 3985 testimonium.
1142 3921 1217 3984 Nam
1250 3927 1280 3986 et

186 4078 392 4086 -——-—-

256 4167 283 4233 1)
301 4167 360 4220 Luc.
379 4165 422 4233 2³,
442 4164 482 4218 4³.
