2692 4666
484 312 516 364 ut
535 310 709 365 cattinum.
1077 320 1136 382 251
1175 297 1177 304 ’

121 477 148 552 ς.
160 472 200 522 46.
237 472 262 521 2.
281 472 417 523 Polemios
435 483 484 520 on.
498 467 552 534 EF,
570 474 694 538 polonicis
712 470 789 522 babet
801 470 842 523 9.·
865 471 891 523 ’3.
910 475 1033 527 diacones
1045 472 1141 538 ΑΕΕΕ,

51 556 148 632 din⁶⁰⁷⁸⁸
167 577 202 643 [c.
219 573 346 636 lucunuic)
365 590 455 627 secum
473 571 509 638 B,
537 577 660 629 diocoocr
678 577 754 627 etiam
773 575 813 628 ed.
832 574 898 627 Med.
935 576 1008 647 Vuig.
1028 581 1141 633 diaconi.

52 665 115 716 Tum
134 682 225 719 vocem
243 679 333 716 secum
351 671 494 715 tractarent
511 678 575 714 noce
593 659 622 725 0,
641 680 732 717 vocem
752 693 781 701 -
801 680 923 733 mercam
940 681 979 732 pr.
999 663 1034 731 Β,
1052 683 1143 721 uocem

52 783 86 792 -
103 761 263 823 precemini
287 749 378 816 (amnt
402 765 417 800 a
437 765 456 798 r.
477 765 509 798 m.
528 750 554 800 in
572 765 622 800 ras.
642 749 715 818 add.)
733 749 764 803 A.
800 753 824 803 t.
844 768 874 804 re
892 755 1004 806 invicem
1022 752 1100 805 Maur.
1119 763 1144 804 et

53 839 118 890 Giib.
154 837 204 889 Sed
222 852 363 906 pronomen
381 836 516 904 personale
535 851 584 888 om.
604 837 691 889 noui
713 840 825 907 itemque
844 839 884 891 ed.
904 839 987 907 Med,
1015 850 1073 909 post
1096 844 1143 894 in-

53 932 138 983 vicem
156 926 217 979 iilud
236 926 371 978 inferciunt
388 923 408 976 C
427 933 452 977 et
471 924 528 977 edd.
548 925 649 977 Amerb.
668 924 766 978 Erasm.
786 936 863 996 atque
882 925 949 980 Cast.
979 927 1078 979 Idcirco
1097 944 1144 979 ex·

53 1014 217 1083 pungendum
242 1014 338 1064 censui.
374 1011 439 1063 Dein
463 1016 509 1081 qui
532 1011 607 1081 (quis
632 1012 710 1066 Maur.
735 1021 760 1064 et
778 1013 857 1079 Gilb.)
882 1013 969 1067 ACEF
992 1024 1145 1083 veteresque
1243 1000 1248 1017 x

55 1103 114 1153 edd.
134 1118 156 1152 c.
176 1099 272 1152 Erasm.
293 1108 319 1150 et
338 1095 405 1150 Cost.
442 1098 497 1151 Vid.
520 1099 551 1149 ad
576 1101 600 1164 §.
621 1098 662 1150 18.
687 1116 713 1167 p.
732 1100 748 1150 9
765 1101 790 1150 iu
809 1101 827 1151 i.
864 1105 900 1156 itt
925 1105 970 1172 qni
993 1104 1073 1170 primo
1098 1119 1145 1154 ex-

55 1188 160 1242 bibebat
174 1186 205 1253 Β,
222 1186 329 1254 pootbac
345 1201 408 1238 vcro
426 1187 515 1253 partic.
534 1197 558 1240 ct
576 1198 648 1238 erasa
665 1195 712 1239 est.
730 1188 773 1246 n5.
793 1198 864 1242 essct
881 1204 932 1240 om.
945 1189 976 1240 Α.
1008 1189 1056 1240 Pro
1075 1200 1146 1243 tam-

56 1296 133 1348 qnam
156 1279 292 1344 (tunquam
318 1273 437 1326 exhibent
453 1273 504 1326 EF.
523 1272 626 1327 Amerb.
645 1273 742 1328 Erasm.
762 1273 846 1339 Cost.)
866 1275 886 1328 B
905 1275 982 1328 babet
999 1280 1086 1347 qussi.
1121 1277 1146 1326 t.

56 1367 205 1434 adprobatis
223 1359 304 1428 tue,
330 1366 478 1432 approbem
502 1362 571 1429 vulg.
606 1360 667 1415 Post
684 1380 708 1414 v.
727 1380 812 1418 sensu
829 1365 855 1416 in
873 1363 894 1417 B
913 1381 933 1416 r.
952 1381 985 1416 m.
1004 1380 1080 1433 supra
1098 1365 1147 1415 ad-

57 1470 142 1536 posuit
159 1466 193 1536 gi.
213 1478 262 1525 cst.
292 1467 353 1518 Tum
373 1451 388 1485 ⁸
406 1476 430 1520 st
448 1471 532 1521 bosius
550 1467 613 1534 (sic)
630 1467 750 1519 scribitur
764 1469 789 1519 in
802 1465 829 1520 0.
860 1467 999 1523 Μουκία
1010 1486 1060 1521 om.
1072 1467 1148 1520 AEF.

58 1559 83 1608 8.
103 1564 311 1626 expavescentes
327 1555 450 1624 memet]
474 1554 511 1607 lta
533 1569 557 1606 c.
576 1555 618 1606 ed.
638 1554 704 1608 bied.
723 1555 798 1608 codd.
817 1554 899 1621 ΔΕΓ,
924 1558 959 1608 ita
983 1559 1008 1608 in
1032 1564 1148 1609 contextu

58 1646 136 1696 etium
155 1642 191 1710 Β,
210 1642 252 1694 ubi
271 1660 293 1694 r.
310 1631 344 1693 m.
363 1658 431 1694 saec.
450 1641 515 1694 XIV.
534 1640 576 1694 vel
593 1642 644 1695 XV.
662 1643 693 1695 ad
713 1659 763 1711 mg.
782 1643 912 1696 adnotavit
931 1643 979 1710 „nb
997 1632 1149 1714 [upsrunt“‚

58 1747 133 1798 quam
152 1730 288 1789 lectionem
309 1738 453 1798 corruptam
471 1730 655 1782 Amerbacbius
674 1740 699 1782 et
717 1740 853 1800 sequentes
872 1732 984 1785 editores
1006 1741 1103 1783 temere
1124 1733 1149 1781 in

59 1827 154 1870 textum
177 1825 339 1885 receperunt.
378 1818 608 1888 reparantem)
634 1817 711 1871 habet
729 1817 757 1871 G.
793 1818 833 1871 Dc
850 1819 1080 1877 ‚circumlocutione
1105 1833 1151 1884 per

60 1906 165 1958 verbum
189 1923 250 1960 sum
274 1904 390 1971 exempla
415 1904 484 1956 dedit
508 1908 714 1960 Reddimonnus
737 1905 855 1959 lnstitutt.
879 1904 1013 1958 Grammat.
1031 1904 1084 1957 Lat
1108 1903 1149 1955 ed.

60 1994 207 2046 Staiibaum.
228 1992 255 2046 Ρ.
268 1992 287 2044 1.
301 2000 330 2060 p.
344 1991 403 2044 305.
439 1992 511 2044 Coui.
530 1993 624 2045 Noster
641 1996 666 2059 ς.
680 1993 723 2046 39.
737 1994 760 2045 1.
796 1995 821 2045 9.
842 1993 891 2046 Pro
908 1995 1043 2063 successit
1065 1992 1089 2041 in
1108 1989 1151 2040 EF

61 2081 154 2146 tegitur
176 2085 315 2146 conenit,
343 2082 382 2130 cui
406 2079 427 2132 F
450 2080 556 2148 adponit
579 2083 631 2135 iili.
674 2081 701 2132 9.
724 2081 755 2133 ab
780 2090 843 2134 extr.
869 2090 955 2135 autern
977 2094 1027 2130 oni.
1051 2078 1085 2129 id.
1104 2074 1149 2127 iib.
1227 2096 1234 2118 ι

61 2167 128 2221 Dein
144 2171 187 2224 nel
204 2183 252 2236 pro
271 2178 295 2223 ct
311 2168 431 2220 exhibent
448 2167 521 2220 Bur.
557 2166 619 2220 Tum
635 2171 776 2239 polonicis,
795 2176 931 2237 utsupra,
953 2165 1041 2219 scribit
1059 2161 1088 2215 G.
1123 2161 1151 2214 t.

16 2236 21 2259 ’
62 2271 117 2323 seq.
137 2259 243 2311 tineosos·
259 2254 290 2308 tt.

134 2345 158 2409 §.
173 2345 215 2395 47.
251 2345 277 2395 2.
298 2347 407 2400 turiano
425 2343 454 2397 B.
474 2344 578 2397 Amerb.
597 2345 695 2399 Erasm.
714 2343 824 2411 (booten,
843 2346 963 2399 blasiano
976 2341 1004 2395 C.
1034 2339 1152 2394 Debes-

62 2434 135 2483 siano
153 2434 275 2500 episcopo
295 2432 347 2484 vid.
367 2434 489 2487 Ambros-
507 2431 588 2499 Epist.
607 2431 649 2484 tv,
672 2435 697 2498 §.
717 2434 741 2485 1.
761 2432 848 2501 ibique
867 2430 1036 2482 biaurinorum
1057 2436 1152 2480 notam.

62 2520 87 2568 4.
107 2522 214 2573 neumae
230 2517 259 2570 tt.
294 2517 352 2570 biox
375 2527 399 2572 ct
423 2517 517 2570 ibidem
540 2518 621 2570 deest
659 2518 722 2572 Dein
746 2522 906 2574 candentum
928 2516 1017 2568 scribit
1035 2514 1067 2566 A.
1102 2513 1153 2565 Sed

62 2623 115 2674 vid.
134 2623 166 2675 ad
184 2622 302 2675 Ambros.
320 2622 353 2674 de
377 2621 445 2674 offic.
463 2621 483 2674 Ι.
504 2622 527 2676 1.
551 2627 576 2691 §.
599 2625 628 2688 i,
651 2623 671 2674 i.
717 2625 742 2675 5.
766 2597 861 2677 rrrrstto⁸
883 2632 945 2693 port
968 2624 1025 2675 dies
1048 2620 1077 2687 (s
1098 2627 1156 2686 post

62 2714 145 2765 mutto
162 2710 195 2762 ab
213 2726 234 2762 r.
253 2726 286 2761 m.
305 2711 445 2778 supersum]
466 2708 495 2762 G.
531 2711 588 2763 vid.
608 2712 639 2763 ud
658 2714 683 2776 §.
696 2711 738 2762 26.
758 2727 783 2778 p.
800 2711 843 2775 tt,
861 2710 886 2760 9.
926 2712 978 2763 Eat
995 2723 1045 2759 om.
1065 2704 1092 2757 G.
1129 2702 1154 2755 6.

63 2820 80 2853 a
99 2803 176 2854 nobie
194 2799 365 2866 pracbuemnt
381 2798 456 2850 codd.
471 2796 557 2850 BCEF
575 2802 687 2870 itemquo
706 2798 827 2850 exhibent
844 2798 902 2851 edd.
921 2796 987 2848 bied.
1006 2794 1109 2846 Amerb.
1129 2800 1156 2844 et

63 2887 177 2950 Erasm.;
194 2885 249 2938 rell.
268 2886 326 2938 libri
345 2901 395 2939 om.
414 2905 431 2940 o
447 2889 533 2941 nobis.
570 2887 594 2939 7.
613 2890 666 2941 dici
682 2890 821 2942 undecim
837 2887 931 2938 invers.
949 2884 1003 2937 ord.
1020 2882 1113 2950 iegitur
1129 2881 1153 2931 in

64 2974 117 3027 EF.
153 2974 220 3027 Ante
239 2993 290 3044 qua
307 2972 372 3026 CEF
389 2990 438 3027 nna
457 2990 513 3026 oum
531 2983 595 3027 cett.
615 2974 684 3038 edd,
702 2976 815 3044 itemque
832 2973 930 3025 Erasm.
948 2978 974 3024 ot
985 2968 1054 3023 Cost.
1075 2983 1154 3036 prae·

65 3066 141 3132 posit.
163 3066 193 3116 s‘o
217 3064 342 3115 omittunt.
386 3062 411 3114 9.
435 3041 553 3117 uidimus
577 3061 628 3113 EF.
666 3061 793 3130 Deinceps
818 3077 908 3116 occsio
930 3068 1016 3113 autem
1040 3060 1101 3111 eius
1127 3053 1155 3106 C.

67 3153 108 3203 to.
136 3154 309 3205 Verecttcncis
333 3159 404 3202 recte
428 3150 502 3202 codd.
520 3158 674 3218 veteresque
694 3151 752 3201 edd.
774 3167 794 3201 c.
815 3149 912 3201 Ernsm.
931 3154 958 3199 ot
976 3145 1058 3208 Cori,
1089 3146 1151 3196 Ver·

66 3243 143 3294 celtis
161 3238 239 3290 Maur.
258 3247 284 3290 et
302 3236 365 3289 Giib.
401 3236 462 3289 Tum
480 3241 509 3291 in
526 3239 666 3305 superiore
684 3239 713 3304 (i.
732 3254 754 3290 e.
772 3238 861 3307 parts)
878 3241 973 3290 domus
991 3232 1082 3298 scripsi
1099 3245 1156 3278 cnm

66 3325 124 3377 cod.
144 3325 181 3389 A,
209 3329 238 3377 in
262 3327 399 3394 superiori
422 3323 501 3392 (quod
527 3331 626 3380 cnutum
651 3330 691 3375 est
712 3341 728 3376 e
746 3324 896 3392 superiore)
915 3325 988 3375 domo
1007 3317 1108 3371 exbibet
1127 3314 1158 3380 B,
1175 3384 1176 3388 Ἰ

65 3419 94 3468 in
112 3416 249 3481 superiori
266 3415 341 3466 domo
359 3413 418 3463 item
432 3411 541 3476 Comen,
558 3415 588 3465 s'n
605 3415 749 3482 superiora
767 3415 862 3464 domus
880 3410 938 3460 dant
956 3406 1019 3461 cui
1037 3413 1156 3458 veteres-

67 3517 117 3567 que
136 3499 208 3564 edd.‚
236 3502 265 3552 in
289 3502 476 3573 superioribus
494 3503 590 3554 domus
608 3498 685 3551 itam.
705 3507 732 3550 ct
749 3496 815 3549 Gilb.
859 3498 883 3549 t.
902 3496 934 3547 ab
953 3503 1015 3546 extr.
1034 3495 1068 3545 aet
1084 3507 1105 3542 r.
1122 3505 1157 3539 m.

67 3601 142 3653 supra
165 3585 264 3638 addidit
287 3587 312 3637 in
331 3585 360 3637 B.
404 3588 429 3637 2.
453 3585 485 3638 ab
505 3595 568 3664 extu
586 3594 627 3640 cst
644 3601 694 3638 om.
714 3583 764 3635 CF.
800 3582 861 3634 Tum
884 3597 1013 3636 reversus
1037 3593 1084 3645 pro
1107 3593 1156 3629 re-

67 3708 198 3746 cessimus
216 3689 280 3742 male
298 3690 385 3743 scribit
403 3690 433 3742 Α.
471 3691 528 3742 biox
546 3667 568 3695 θ’
586 3701 707 3744 amictum
731 3693 769 3754 (ei
792 3687 823 3739 ab
842 3703 861 3738 r,
880 3701 913 3736 m.
931 3699 1007 3750 supra
1024 3682 1098 3749 add.)
1121 3680 1156 3731 id.

68 3777 149 3841 iiber3
168 3779 193 3828 iu
206 3777 226 3828 B
240 3794 380 3847 pronomen
391 3778 456 3830 istud
470 3779 503 3829 cl.
517 3795 550 3830 m.
563 3779 595 3829 ad
608 3779 649 3829 fin.
664 3778 706 3829 iin.
719 3776 843 3845 adposuit.
867 3773 1013 3824 Lectionem
1024 3778 1158 3831 cerretum,

68 3879 143 3933 quam
161 3878 207 3932 pro
225 3876 317 3919 canoto
336 3867 431 3933 recepi,
450 3866 597 3916 confirmant
614 3863 678 3915 BEF
695 3873 722 3914 et
741 3860 867 3929 exemplar
886 3859 951 3910 ided.

173 3968 200 4020 Ρ.
220 3970 262 4021 25.

141 4058 166 4108 1.
185 4066 215 4112 ot
231 4061 260 4110 io
277 4060 376 4112 virtute
392 4065 464 4111 esset
481 4058 584 4110 meaos
599 4057 709 4123 resectio
727 4050 788 4116 ΑΒ,
813 4061 843 4106 ut
866 4053 895 4103 in
915 4054 975 4104 virt
994 4065 1071 4104 mccc
1087 4056 1160 4102 erret

68 4152 173 4203 oniense
195 4148 302 4214 refectio
326 4145 367 4197 ed.
386 4144 469 4208 nen,
496 4147 601 4197 animas
620 4144 728 4212 resectio
751 4142 813 4192 item
838 4137 889 4188 ut.
933 4137 958 4188 2.
983 4140 1064 4192 citum
1086 4144 1157 4188 recte
