2692 4666
103 287 106 294 '
126 305 191 368 200
576 301 601 352 e.
620 299 773 354 nrtoacsn

125 461 354 542 multitudinem,
377 462 534 543 exquisitis
557 461 652 544 copiis
675 461 849 526 adornatum
872 464 1058 544 convivium,
1088 463 1119 526 in
1142 481 1217 545 pro-

123 581 229 657 spectu
262 574 449 640 coenantium
478 580 547 636 ante
575 573 710 637 hortulos
744 575 916 657 conpositos
949 573 1137 656 piscatores,
1169 575 1220 637 ubi

123 704 283 768 numquam
297 694 366 751 ante
382 684 528 749 iaciebant
550 686 640 749 retia:
663 687 867 767 unusquisque
890 686 970 766 quod
994 694 1124 770 ceperat,
1148 706 1219 750 cer-

122 800 202 861 tatim
218 798 365 864 offerebat
387 799 592 881 epulantibus:
616 817 705 880 supra
728 817 859 862 mensam
878 799 976 881 pisces
996 801 1220 882 ingerebantur,

123 910 290 974 resilientes
322 911 427 976 oculos
460 912 693 977 recumbentium
724 913 931 976 verberabant
974 912 1075 975 blirari
1108 912 1220 994 hospes

123 1032 231 1088 tantam
262 1025 376 1106 copiam
405 1025 530 1107 piscium
552 1029 723 1104 tantumque
749 1042 907 1088 nanterum
929 1026 1110 1107 cymbarum.
1155 1024 1219 1087 Re-

121 1156 261 1218 sponsum
292 1139 447 1218 quaerenti
469 1138 656 1218 aquationem
678 1137 737 1199 illio
760 1155 846 1216 esse,
881 1136 974 1200 dulcis
1004 1157 1100 1218 aquae
1125 1139 1220 1220 gratia

123 1251 350 1314 innumerabiles
381 1270 419 1314 eo
451 1252 551 1332 pisces
588 1252 760 1314 convenire.
817 1250 894 1327 Quid
931 1251 1047 1314 multa‘l
1076 1252 1221 1314 >Pellexit

121 1363 283 1446 hospitem,
307 1371 338 1427 ut
359 1364 415 1429 sibi
430 1370 634 1446 'extorqueret
655 1364 777 1427 hortos:
803 1364 936 1428 vendere
960 1364 1065 1427 volens
1089 1365 1219 1448 cogitur,

123 1479 250 1559 pretium
272 1485 415 1561 gravatus
438 1479 569 1561 suscipit.

211 1589 261 1655 72.
306 1590 448 1670 Sequenti
481 1589 529 1651 die
557 1588 592 1652 ad
616 1588 721 1652 bortos
753 1594 869 1670 emptor
899 1582 966 1651 otim
996 1589 1098 1652 amicis
1129 1590 1220 1670 venit,

122 1704 272 1786 navigium
292 1703 403 1766 nullum
426 1704 546 1765 invenit.
590 1702 789 1780 Percontanti,
812 1721 881 1766 num
899 1701 996 1782 aliqua
1018 1704 1217 1784 piscatoribus

123 1835 160 1880 eo
192 1823 274 1880 esset
302 1816 350 1879 die
379 1815 520 1879 feriarum
547 1816 747 1893 sollemnitas,
777 1816 993 1897 respondetur:
1025 1816 1132 1896 Nulla,
1163 1835 1220 1879 neo

122 1949 259 2012 umquam
283 1930 343 1991 illic
364 1936 486 2012 praeter
516 1929 687 1991 hesternum
716 1927 792 1990 diem
825 1929 933 2010 piscari
962 1928 1079 1990 solitos.
1125 1929 1220 2005 Quam

122 2042 170 2105 hic
193 2041 395 2125 redarguendi
417 2041 541 2104 haberet
563 2041 767 2105 auctoritatem
790 2039 866 2119 doli,
893 2041 953 2122 ,qui
974 2047 1032 2104 tam
1055 2048 1144 2123 turpe
1166 2060 1220 2104 ca·

122 2159 211 2238 ptarit
232 2157 389 2237 aucupium
410 2156 606 2218 deliciarum?
652 2156 707 2228 Qut
730 2157 807 2216 enim
831 2156 953 2218 alterum
976 2159 1089 2238 peccati
1112 2158 1220 2241 arguit,

122 2272 187 2350 ipse
204 2288 220 2330 a
235 2277 360 2349 peccato
379 2269 467 2330 debet
485 2269 599 2330 alienus
620 2286 697 2329 esse.
743 2268 810 2330 Non
834 2287 908 2351 ergo
932 2270 1099 2334 huiusmodi
1123 2289 1219 2354 nugas

123 2400 182 2464 ego
198 2383 227 2442 in
243 2381 319 2442 banc
339 2382 559 2444 ecclesiasticae
583 2383 733 2444 censionis
756 2384 960 2444 auctoritatem
982 2386 1117 2464 vocabo,
1141 2404 1219 2465 quae

123 2495 304 2578 generaliter
323 2496 500 2559 condemnat
516 2514 633 2559 omnem
647 2496 722 2558 lucri
740 2498 832 2577 turpis
855 2498 1051 2580 appetentiam
1074 2499 1220 2580 brevique

123 2611 269 2672 sermonis
293 2609 461 2691 conpendio
485 2610 614 2672 excludit
635 2610 783 2673 levitatem
806 2630 842 2673 ac
864 2613 1032 2674 versutiam.

210 2721 260 2786 73.
304 2724 378 2786 Nam
408 2724 446 2785 de
475 2724 524 2786 illo
556 2724 626 2805 quid
654 2725 779 2805 loquar,
812 2725 861 2806 qui
893 2724 931 2786 de
958 2743 995 2788 eo
1028 2730 1217 2805 testamento,

123 2836 202 2927 quod
226 2838 262 2899 ab
292 2837 357 2900 aliis
385 2837 455 2900 licet
483 2837 606 2917 lactum,
637 2839 742 2900 salsum
772 2846 869 2901 tamen
900 2839 1093 2922 cognoverit,
1124 2839 1219 2901 bere-

123 2951 241 3014 ditatem
273 2952 330 3012 sibi
348 2938 410 3014 ¹aut
439 2952 568 3034 legatum
598 2952 728 3015 vindicet
758 2957 787 3014 et
818 2931 940 3015 luorum
965 2959 1088 3032 quaerat
1120 2953 1218 3015 alieno

122 3065 263 3144 crimine,
286 3083 352 3129 cum
374 3066 461 3129 etiarn
483 3065 568 3148 leges
590 3065 728 3147 publicae
751 3084 835 3145 eum,
859 3066 909 3146 qui
931 3066 1030 3129 sciens
1054 3066 1130 3129 falso
1153 3067 1217 3129 uti-

122 3185 185 3258 tur,
214 3187 362 3260 tamquam
384 3198 467 3241 reum
491 3178 633 3244 facinoris
656 3178 865 3262 adstringant?
908 3178 1022 3260 Regula
1045 3187 1143 3242 autem
1165 3181 1217 3246 iu-

122 3268 219 3355 stitiae
242 3294 395 3356 manifesta
418 3299 482 3372 est,
506 3292 585 3374 quod
605 3311 712 3356 avero
737 3293 888 3356 declinare
909 3294 1005 3356 virum
1027 3311 1088 3355 non
1112 3292 1218 3357 deceat

122 3408 247 3486 bonum,
280 3425 337 3470 uec
364 3407 471 3470 damno
497 3408 606 3469 iniusto
628 3407 750 3470 afficere
772 3426 964 3493 quemquam,
994 3425 1051 3471 nec
1074 3407 1135 3470 doli
1157 3408 1216 3470 ali-

123 3520 192 3600 quid
216 3520 376 3583 adnectere
398 3520 551 3583 fraudisve
574 3538 756 3603 conponere.
890 3524 893 3530 '

209 3631 259 3698 74.
306 3635 382 3711 Quid
413 3634 578 3701 evidentius
602 3652 640 3697 eo
664 3633 745 3715 quod
766 3632 915 3712 Ananias,
933 3629 964 3717 ¹)
996 3634 1046 3714 qui
1069 3633 1217 3698 fraudavit

122 3745 160 3811 de
181 3747 278 3828 pretio
301 3751 367 3832 agri
388 3750 451 3828 sui,
486 3769 574 3830 quem
603 3750 668 3830 ipse
691 3732 866 3815 vendiderat
887 3754 916 3810 et
937 3749 1105 3830 portionem
1127 3751 1215 3831 pretii

122 3869 268 3944 tamquam
299 3881 429 3928 summae
459 3865 548 3927 totius
578 3882 732 3928 numerum
754 3862 937 3944 antepedes
959 3863 1059 3944 posuit
1088 3869 1214 3944 aposto-

122 4015 330 4027 ,--.---

194 4103 220 4168 1)
239 4104 294 4158 ner.
314 4105 339 4173 5,
359 4105 371 4158 1
391 4122 464 4176 seqq.
