<?xml version="1.0" encoding="UTF-8"?>
<!DOCTYPE html PUBLIC "-//W3C//DTD XHTML 1.0 Transitional//EN"
    "http://www.w3.org/TR/xhtml1/DTD/xhtml1-transitional.dtd">
<html xmlns="http://www.w3.org/1999/xhtml" xml:lang="en" lang="en">
 <head>
  <title>
</title>
<meta http-equiv="Content-Type" content="text/html;charset=utf-8" />
  <meta name='ocr-system' content='tesseract 3.04.00' />
  <meta name='ocr-capabilities' content='ocr_page ocr_carea ocr_par ocr_line ocrx_word'/>
</head>
<body>
  <div class='ocr_page' id='page_1' title='image "./deofficiisminis00krabgoog_0240.png"; bbox 0 0 2692 4666; ppageno 0'>
   <div class='ocr_carea' id='block_1_1' title="bbox 326 325 1187 397">
    <p class='ocr_par' dir='ltr' id='par_1_1' title="bbox 326 325 1187 397">
     <span class='ocr_line' id='line_1_1' title="bbox 326 325 1187 397; baseline 0.006 -18"><span class='ocrx_word' id='word_1_1' title='bbox 326 326 372 380; x_wconf 80' lang='lat' dir='ltr'>DE</span> <span class='ocrx_word' id='word_1_2' title='bbox 393 325 530 381; x_wconf 68' lang='lat' dir='ltr'>oculeus</span> <span class='ocrx_word' id='word_1_3' title='bbox 550 325 774 380; x_wconf 79' lang='lat' dir='ltr'>ntutstuoatttt</span> <span class='ocrx_word' id='word_1_4' title='bbox 792 326 888 380; x_wconf 86' lang='lat' dir='ltr'>LIBER</span> <span class='ocrx_word' id='word_1_5' title='bbox 904 325 947 380; x_wconf 89' lang='lat'>111.</span> <span class='ocrx_word' id='word_1_6' title='bbox 1122 333 1187 397; x_wconf 84' lang='lat'>223</span> 
     </span>
    </p>
   </div>
   <div class='ocr_carea' id='block_1_2' title="bbox 88 485 1199 3492">
    <p class='ocr_par' dir='ltr' id='par_1_2' title="bbox 88 485 1192 2152">
     <span class='ocr_line' id='line_1_2' title="bbox 89 485 1187 572; baseline 0 -20"><span class='ocrx_word' id='word_1_7' title='bbox 89 508 177 572; x_wconf 89' lang='lat' dir='ltr'>quam</span> <span class='ocrx_word' id='word_1_8' title='bbox 202 489 251 569; x_wconf 93' lang='lat' dir='ltr'>qui</span> <span class='ocrx_word' id='word_1_9' title='bbox 274 489 428 551; x_wconf 74' lang='lat' dir='ltr'>amicitiam</span> <span class='ocrx_word' id='word_1_10' title='bbox 459 486 590 549; x_wconf 88' lang='lat' dir='ltr'>laeserit.</span> <span class='ocrx_word' id='word_1_11' title='bbox 635 485 719 548; x_wconf 87' lang='lat' dir='ltr'><strong>Unde</strong></span> <span class='ocrx_word' id='word_1_12' title='bbox 742 485 771 546; x_wconf 97' lang='lat' dir='ltr'>in</span> <span class='ocrx_word' id='word_1_13' title='bbox 794 485 949 567; x_wconf 81' lang='lat' dir='ltr'>proditore</span> <span class='ocrx_word' id='word_1_14' title='bbox 972 486 1107 550; x_wconf 91' lang='lat' dir='ltr'>dominus</span> <span class='ocrx_word' id='word_1_15' title='bbox 1129 488 1187 552; x_wconf 89' lang='lat' dir='ltr'>hoc</span> 
     </span>
     <span class='ocr_line' id='line_1_3' title="bbox 88 599 1188 687; baseline 0 -23"><span class='ocrx_word' id='word_1_16' title='bbox 88 604 297 687; x_wconf 85' lang='lat' dir='ltr'>gravissimum</span> <span class='ocrx_word' id='word_1_17' title='bbox 327 603 459 681; x_wconf 88' lang='lat' dir='ltr'>invenit,</span> <span class='ocrx_word' id='word_1_18' title='bbox 492 619 552 682; x_wconf 91' lang='lat' dir='ltr'>quo</span> <span class='ocrx_word' id='word_1_19' title='bbox 576 601 639 662; x_wconf 89' lang='lat' dir='ltr'>eius</span> <span class='ocrx_word' id='word_1_20' title='bbox 664 599 877 662; x_wconf 89' lang='lat' dir='ltr'>condemnaret</span> <span class='ocrx_word' id='word_1_21' title='bbox 905 600 1075 681; x_wconf 87' lang='lat' dir='ltr'>perfidiam,</span> <span class='ocrx_word' id='word_1_22' title='bbox 1108 599 1188 682; x_wconf 89' lang='lat' dir='ltr'>quod</span> 
     </span>
     <span class='ocr_line' id='line_1_4' title="bbox 88 711 1188 801; baseline -0.004 -22"><span class='ocrx_word' id='word_1_23' title='bbox 88 717 202 801; x_wconf 84' lang='lat' dir='ltr'>gratiae</span> <span class='ocrx_word' id='word_1_24' title='bbox 224 717 320 778; x_wconf 89' lang='lat' dir='ltr'>vicem</span> <span class='ocrx_word' id='word_1_25' title='bbox 335 733 396 778; x_wconf 92' lang='lat' dir='ltr'>non</span> <span class='ocrx_word' id='word_1_26' title='bbox 412 711 684 794; x_wconf 71' lang='lat' dir='ltr'>repraesentaverit</span> <span class='ocrx_word' id='word_1_27' title='bbox 704 717 734 772; x_wconf 91' lang='lat' dir='ltr'>et</span> <span class='ocrx_word' id='word_1_28' title='bbox 753 711 897 773; x_wconf 93' lang='lat' dir='ltr'>conviviis</span> <span class='ocrx_word' id='word_1_29' title='bbox 920 712 1066 774; x_wconf 78' lang='lat' dir='ltr'>amicitiae</span> <span class='ocrx_word' id='word_1_30' title='bbox 1089 731 1188 775; x_wconf 87' lang='lat' dir='ltr'>vene-</span> 
     </span>
     <span class='ocr_line' id='line_1_5' title="bbox 88 820 1187 909; baseline -0.001 -19"><span class='ocrx_word' id='word_1_31' title='bbox 88 845 157 890; x_wconf 92' lang='lat' dir='ltr'>num</span> <span class='ocrx_word' id='word_1_32' title='bbox 181 828 307 889; x_wconf 87' lang='lat' dir='ltr'>malitiae</span> <span class='ocrx_word' id='word_1_33' title='bbox 337 825 498 887; x_wconf 87' lang='lat' dir='ltr'>miscuerit.</span> <span class='ocrx_word' id='word_1_34' title='bbox 543 823 643 902; x_wconf 88' lang='lat' dir='ltr'>ltaque</span> <span class='ocrx_word' id='word_1_35' title='bbox 675 823 718 884; x_wconf 90' lang='lat' dir='ltr'>sio</span> <span class='ocrx_word' id='word_1_36' title='bbox 752 824 804 883; x_wconf 88' lang='lat' dir='ltr'>ait:</span> <span class='ocrx_word' id='word_1_37' title='bbox 828 820 859 905; x_wconf 87' lang='lat'>¹)</span> <span class='ocrx_word' id='word_1_38' title='bbox 897 823 942 884; x_wconf 82' lang='lat' dir='ltr'>Tm</span> <span class='ocrx_word' id='word_1_39' title='bbox 973 825 1065 909; x_wconf 72' lang='lat' dir='ltr'>oeroJ,</span> <span class='ocrx_word' id='word_1_40' title='bbox 1099 828 1187 890; x_wconf 79' lang='lat' dir='ltr'>domo</span> 
     </span>
     <span class='ocr_line' id='line_1_6' title="bbox 88 939 1190 1020; baseline 0.003 -16"><span class='ocrx_word' id='word_1_41' title='bbox 88 942 264 1018; x_wconf 81' lang='lat' dir='ltr'>unanimis,</span> <span class='ocrx_word' id='word_1_42' title='bbox 300 941 366 1003; x_wconf 81' lang='lat' dir='ltr'>doc</span> <span class='ocrx_word' id='word_1_43' title='bbox 400 957 484 1000; x_wconf 82' lang='lat' dir='ltr'>meas</span> <span class='ocrx_word' id='word_1_44' title='bbox 515 946 545 999; x_wconf 88' lang='lat' dir='ltr'>et</span> <span class='ocrx_word' id='word_1_45' title='bbox 573 945 666 999; x_wconf 84' lang='lat' dir='ltr'>notus</span> <span class='ocrx_word' id='word_1_46' title='bbox 698 957 800 1012; x_wconf 86' lang='lat' dir='ltr'>meus,</span> <span class='ocrx_word' id='word_1_47' title='bbox 835 939 888 1018; x_wconf 81' lang='lat' dir='ltr'>qui</span> <span class='ocrx_word' id='word_1_48' title='bbox 922 957 1041 1020; x_wconf 83' lang='lat' dir='ltr'>semper</span> <span class='ocrx_word' id='word_1_49' title='bbox 1074 964 1190 1007; x_wconf 78' lang='lat' dir='ltr'>naccum</span> 
     </span>
     <span class='ocr_line' id='line_1_7' title="bbox 90 1051 1188 1139; baseline 0.003 -22"><span class='ocrx_word' id='word_1_50' title='bbox 90 1055 195 1117; x_wconf 84' lang='lat' dir='ltr'>dulces</span> <span class='ocrx_word' id='word_1_51' title='bbox 218 1054 367 1132; x_wconf 85' lang='lat' dir='ltr'>capiebas</span> <span class='ocrx_word' id='word_1_52' title='bbox 392 1051 498 1114; x_wconf 84' lang='lat' dir='ltr'>cibos!</span> <span class='ocrx_word' id='word_1_53' title='bbox 540 1051 604 1112; x_wconf 93' lang='lat' dir='ltr'>Hoc</span> <span class='ocrx_word' id='word_1_54' title='bbox 628 1059 690 1131; x_wconf 87' lang='lat' dir='ltr'>est,</span> <span class='ocrx_word' id='word_1_55' title='bbox 723 1069 784 1113; x_wconf 93' lang='lat' dir='ltr'>non</span> <span class='ocrx_word' id='word_1_56' title='bbox 812 1059 912 1132; x_wconf 88' lang='lat' dir='ltr'>potest</span> <span class='ocrx_word' id='word_1_57' title='bbox 940 1056 1079 1118; x_wconf 89' lang='lat' dir='ltr'>sustineri</span> <span class='ocrx_word' id='word_1_58' title='bbox 1102 1057 1188 1139; x_wconf 91' lang='lat' dir='ltr'>istud,</span> 
     </span>
     <span class='ocr_line' id='line_1_8' title="bbox 91 1163 1191 1249; baseline 0.001 -19"><span class='ocrx_word' id='word_1_59' title='bbox 91 1167 159 1249; x_wconf 92' lang='lat' dir='ltr'>quia</span> <span class='ocrx_word' id='word_1_60' title='bbox 182 1166 327 1229; x_wconf 87' lang='lat' dir='ltr'>unanimis</span> <span class='ocrx_word' id='word_1_61' title='bbox 350 1163 486 1246; x_wconf 86' lang='lat' dir='ltr'>adpetisti</span> <span class='ocrx_word' id='word_1_62' title='bbox 509 1182 593 1242; x_wconf 85' lang='lat' dir='ltr'>eum,</span> <span class='ocrx_word' id='word_1_63' title='bbox 617 1165 666 1244; x_wconf 90' lang='lat' dir='ltr'>qui</span> <span class='ocrx_word' id='word_1_64' title='bbox 690 1165 740 1226; x_wconf 89' lang='lat' dir='ltr'>tibi</span> <span class='ocrx_word' id='word_1_65' title='bbox 764 1164 926 1229; x_wconf 89' lang='lat' dir='ltr'>donaverat</span> <span class='ocrx_word' id='word_1_66' title='bbox 947 1171 1087 1249; x_wconf 85' lang='lat' dir='ltr'>gratiam:</span> <span class='ocrx_word' id='word_1_67' title='bbox 1111 1170 1191 1233; x_wconf 88' lang='lat' dir='ltr'>Nom</span> 
     </span>
     <span class='ocr_line' id='line_1_9' title="bbox 91 1275 1189 1366; baseline 0.003 -26"><span class='ocrx_word' id='word_1_68' title='bbox 91 1280 119 1341; x_wconf 90' lang='lat' dir='ltr'>si</span> <span class='ocrx_word' id='word_1_69' title='bbox 142 1278 287 1339; x_wconf 82' lang='lat' dir='ltr'>inimicus</span> <span class='ocrx_word' id='word_1_70' title='bbox 309 1294 394 1336; x_wconf 83' lang='lat' dir='ltr'>meus</span> <span class='ocrx_word' id='word_1_71' title='bbox 417 1275 637 1336; x_wconf 75' lang='lat' dir='ltr'>maledixisset</span> <span class='ocrx_word' id='word_1_72' title='bbox 657 1275 751 1351; x_wconf 78' lang='lat' dir='ltr'>mitti,</span> <span class='ocrx_word' id='word_1_73' title='bbox 773 1277 992 1341; x_wconf 74' lang='lat' dir='ltr'>sustinuissem</span> <span class='ocrx_word' id='word_1_74' title='bbox 1015 1283 1140 1361; x_wconf 84' lang='lat' dir='ltr'>utique;</span> <span class='ocrx_word' id='word_1_75' title='bbox 1157 1280 1189 1366; x_wconf 78' lang='lat'>²)</span> 
     </span>
     <span class='ocr_line' id='line_1_10' title="bbox 93 1387 1190 1470; baseline 0.005 -17"><span class='ocrx_word' id='word_1_76' title='bbox 93 1398 122 1453; x_wconf 88' lang='lat' dir='ltr'>et</span> <span class='ocrx_word' id='word_1_77' title='bbox 143 1393 179 1453; x_wconf 86' lang='lat' dir='ltr'>ab</span> <span class='ocrx_word' id='word_1_78' title='bbox 204 1409 262 1469; x_wconf 86' lang='lat' dir='ltr'>eo,</span> <span class='ocrx_word' id='word_1_79' title='bbox 292 1392 342 1470; x_wconf 90' lang='lat' dir='ltr'>qui</span> <span class='ocrx_word' id='word_1_80' title='bbox 366 1407 414 1450; x_wconf 93' lang='lat' dir='ltr'>me</span> <span class='ocrx_word' id='word_1_81' title='bbox 437 1387 559 1466; x_wconf 85' lang='lat' dir='ltr'>oderat,</span> <span class='ocrx_word' id='word_1_82' title='bbox 594 1387 809 1451; x_wconf 86' lang='lat' dir='ltr'>absconderem</span> <span class='ocrx_word' id='word_1_83' title='bbox 832 1410 888 1452; x_wconf 89' lang='lat' dir='ltr'>me.</span> <span class='ocrx_word' id='word_1_84' title='bbox 933 1393 1071 1456; x_wconf 91' lang='lat' dir='ltr'>Inimicus</span> <span class='ocrx_word' id='word_1_85' title='bbox 1104 1395 1190 1458; x_wconf 92' lang='lat' dir='ltr'>vitari</span> 
     </span>
     <span class='ocr_line' id='line_1_11' title="bbox 93 1488 1190 1589; baseline 0.001 -20"><span class='ocrx_word' id='word_1_86' title='bbox 93 1488 209 1588; x_wconf 84' lang='lat' dir='ltr'>potest,</span> <span class='ocrx_word' id='word_1_87' title='bbox 243 1505 354 1567; x_wconf 85' lang='lat' dir='ltr'>amicus</span> <span class='ocrx_word' id='word_1_88' title='bbox 376 1521 437 1565; x_wconf 95' lang='lat' dir='ltr'>non</span> <span class='ocrx_word' id='word_1_89' title='bbox 459 1508 577 1584; x_wconf 88' lang='lat' dir='ltr'>potest,</span> <span class='ocrx_word' id='word_1_90' title='bbox 607 1503 632 1563; x_wconf 93' lang='lat' dir='ltr'>si</span> <span class='ocrx_word' id='word_1_91' title='bbox 655 1502 788 1564; x_wconf 91' lang='lat' dir='ltr'>insidiari</span> <span class='ocrx_word' id='word_1_92' title='bbox 811 1504 888 1565; x_wconf 89' lang='lat' dir='ltr'>velit.</span> <span class='ocrx_word' id='word_1_93' title='bbox 934 1503 1015 1567; x_wconf 87' lang='lat' dir='ltr'>illurn</span> <span class='ocrx_word' id='word_1_94' title='bbox 1040 1524 1190 1589; x_wconf 85' lang='lat' dir='ltr'>cavernas,</span> 
     </span>
     <span class='ocr_line' id='line_1_12' title="bbox 96 1614 1191 1702; baseline 0.004 -22"><span class='ocrx_word' id='word_1_95' title='bbox 96 1619 144 1682; x_wconf 91' lang='lat' dir='ltr'>cui</span> <span class='ocrx_word' id='word_1_96' title='bbox 166 1634 227 1680; x_wconf 93' lang='lat' dir='ltr'>non</span> <span class='ocrx_word' id='word_1_97' title='bbox 250 1617 456 1678; x_wconf 85' lang='lat' dir='ltr'>committimus</span> <span class='ocrx_word' id='word_1_98' title='bbox 486 1614 608 1677; x_wconf 91' lang='lat' dir='ltr'>consilia</span> <span class='ocrx_word' id='word_1_99' title='bbox 637 1623 757 1692; x_wconf 87' lang='lat' dir='ltr'>nostra;</span> <span class='ocrx_word' id='word_1_100' title='bbox 791 1615 870 1678; x_wconf 91' lang='lat' dir='ltr'>hunc</span> <span class='ocrx_word' id='word_1_101' title='bbox 900 1636 1009 1681; x_wconf 89' lang='lat' dir='ltr'>cavere</span> <span class='ocrx_word' id='word_1_102' title='bbox 1033 1639 1093 1682; x_wconf 95' lang='lat' dir='ltr'>non</span> <span class='ocrx_word' id='word_1_103' title='bbox 1115 1639 1191 1702; x_wconf 90' lang='lat' dir='ltr'>pos-</span> 
     </span>
     <span class='ocr_line' id='line_1_13' title="bbox 95 1727 1191 1812; baseline 0.003 -18"><span class='ocrx_word' id='word_1_104' title='bbox 95 1748 215 1809; x_wconf 91' lang='lat' dir='ltr'>sumus,</span> <span class='ocrx_word' id='word_1_105' title='bbox 249 1732 296 1792; x_wconf 92' lang='lat' dir='ltr'>cui</span> <span class='ocrx_word' id='word_1_106' title='bbox 319 1730 525 1793; x_wconf 83' lang='lat' dir='ltr'>commisimus.</span> <span class='ocrx_word' id='word_1_107' title='bbox 569 1727 672 1807; x_wconf 88' lang='lat' dir='ltr'>ltaque</span> <span class='ocrx_word' id='word_1_108' title='bbox 696 1727 732 1789; x_wconf 93' lang='lat' dir='ltr'>ad</span> <span class='ocrx_word' id='word_1_109' title='bbox 755 1729 951 1792; x_wconf 88' lang='lat' dir='ltr'>acervandam</span> <span class='ocrx_word' id='word_1_110' title='bbox 973 1735 1088 1812; x_wconf 88' lang='lat' dir='ltr'>peccati</span> <span class='ocrx_word' id='word_1_111' title='bbox 1110 1737 1191 1797; x_wconf 89' lang='lat' dir='ltr'>invi-</span> 
     </span>
     <span class='ocr_line' id='line_1_14' title="bbox 95 1843 1192 1927; baseline 0.004 -21"><span class='ocrx_word' id='word_1_112' title='bbox 95 1845 172 1906; x_wconf 95' lang='lat' dir='ltr'>diam</span> <span class='ocrx_word' id='word_1_113' title='bbox 196 1861 257 1906; x_wconf 93' lang='lat' dir='ltr'>non</span> <span class='ocrx_word' id='word_1_114' title='bbox 280 1843 368 1905; x_wconf 83' lang='lat' dir='ltr'>dixit:</span> <span class='ocrx_word' id='word_1_115' title='bbox 394 1844 439 1905; x_wconf 81' lang='lat' dir='ltr'>Tu</span> <span class='ocrx_word' id='word_1_116' title='bbox 456 1860 547 1920; x_wconf 90' lang='lat' dir='ltr'>vero,</span> <span class='ocrx_word' id='word_1_117' title='bbox 570 1860 676 1904; x_wconf 90' lang='lat' dir='ltr'>servus</span> <span class='ocrx_word' id='word_1_118' title='bbox 700 1861 801 1921; x_wconf 88' lang='lat' dir='ltr'>meus,</span> <span class='ocrx_word' id='word_1_119' title='bbox 832 1846 986 1926; x_wconf 91' lang='lat' dir='ltr'>apostolus</span> <span class='ocrx_word' id='word_1_120' title='bbox 1008 1866 1110 1927; x_wconf 90' lang='lat' dir='ltr'>meus,</span> <span class='ocrx_word' id='word_1_121' title='bbox 1137 1847 1192 1910; x_wconf 93' lang='lat' dir='ltr'>sed</span> 
     </span>
     <span class='ocr_line' id='line_1_15' title="bbox 95 1947 1192 2041; baseline 0.003 -21"><span class='ocrx_word' id='word_1_122' title='bbox 95 1958 240 2020; x_wconf 85' lang='lat' dir='ltr'>unanimis</span> <span class='ocrx_word' id='word_1_123' title='bbox 263 1947 366 2032; x_wconf 83' lang='lat' dir='ltr'>meus3</span> <span class='ocrx_word' id='word_1_124' title='bbox 398 1956 457 2020; x_wconf 88' lang='lat' dir='ltr'>hoc</span> <span class='ocrx_word' id='word_1_125' title='bbox 480 1961 542 2034; x_wconf 89' lang='lat' dir='ltr'>est,</span> <span class='ocrx_word' id='word_1_126' title='bbox 565 1974 625 2018; x_wconf 93' lang='lat' dir='ltr'>non</span> <span class='ocrx_word' id='word_1_127' title='bbox 649 1975 749 2036; x_wconf 90' lang='lat' dir='ltr'>meus,</span> <span class='ocrx_word' id='word_1_128' title='bbox 779 1957 834 2020; x_wconf 89' lang='lat' dir='ltr'>sed</span> <span class='ocrx_word' id='word_1_129' title='bbox 858 1962 945 2022; x_wconf 86' lang='lat' dir='ltr'>etiarn</span> <span class='ocrx_word' id='word_1_130' title='bbox 968 1966 1035 2022; x_wconf 91' lang='lat' dir='ltr'>tuus</span> <span class='ocrx_word' id='word_1_131' title='bbox 1057 1962 1192 2041; x_wconf 91' lang='lat' dir='ltr'>proditor</span> 
     </span>
     <span class='ocr_line' id='line_1_16' title="bbox 95 2069 599 2152; baseline -0.004 -20"><span class='ocrx_word' id='word_1_132' title='bbox 95 2088 146 2149; x_wconf 90' lang='lat' dir='ltr'>es,</span> <span class='ocrx_word' id='word_1_133' title='bbox 174 2071 225 2150; x_wconf 85' lang='lat' dir='ltr'>qui</span> <span class='ocrx_word' id='word_1_134' title='bbox 246 2071 413 2133; x_wconf 90' lang='lat' dir='ltr'>unanimem</span> <span class='ocrx_word' id='word_1_135' title='bbox 435 2069 599 2152; x_wconf 90' lang='lat' dir='ltr'>prodidisti.</span> 
     </span>
    </p>

    <p class='ocr_par' dir='ltr' id='par_1_3' title="bbox 95 2180 1194 2719">
     <span class='ocr_line' id='line_1_17' title="bbox 184 2180 1191 2265; baseline 0.002 -19"><span class='ocrx_word' id='word_1_136' title='bbox 184 2180 254 2247; x_wconf 84' lang='lat'><strong>138.</strong></span> <span class='ocrx_word' id='word_1_137' title='bbox 299 2183 443 2247; x_wconf 90' lang='lat' dir='ltr'>Dominus</span> <span class='ocrx_word' id='word_1_138' title='bbox 466 2184 531 2265; x_wconf 89' lang='lat' dir='ltr'>ipse</span> <span class='ocrx_word' id='word_1_139' title='bbox 547 2200 620 2245; x_wconf 50' lang='lat' dir='ltr'>‘curn</span> <span class='ocrx_word' id='word_1_140' title='bbox 643 2201 660 2244; x_wconf 93' lang='lat' dir='ltr'>a</span> <span class='ocrx_word' id='word_1_141' title='bbox 684 2183 777 2245; x_wconf 86' lang='lat' dir='ltr'>tribus</span> <span class='ocrx_word' id='word_1_142' title='bbox 800 2184 922 2265; x_wconf 82' lang='lat' dir='ltr'>regibus</span> <span class='ocrx_word' id='word_1_143' title='bbox 946 2184 1078 2247; x_wconf 82' lang='lat' dir='ltr'>offensus</span> <span class='ocrx_word' id='word_1_144' title='bbox 1101 2192 1191 2263; x_wconf 89' lang='lat' dir='ltr'>esset,</span> 
     </span>
     <span class='ocr_line' id='line_1_18' title="bbox 96 2295 1193 2380; baseline 0.002 -21"><span class='ocrx_word' id='word_1_145' title='bbox 96 2299 146 2380; x_wconf 91' lang='lat' dir='ltr'>qui</span> <span class='ocrx_word' id='word_1_146' title='bbox 180 2302 283 2360; x_wconf 88' lang='lat' dir='ltr'>sancto</span> <span class='ocrx_word' id='word_1_147' title='bbox 315 2296 366 2358; x_wconf 86' lang='lat' dir='ltr'>iob</span> <span class='ocrx_word' id='word_1_148' title='bbox 398 2313 458 2358; x_wconf 95' lang='lat' dir='ltr'>non</span> <span class='ocrx_word' id='word_1_149' title='bbox 493 2295 683 2373; x_wconf 87' lang='lat' dir='ltr'>detulissent,</span> <span class='ocrx_word' id='word_1_150' title='bbox 716 2297 876 2378; x_wconf 84' lang='lat' dir='ltr'>ignoscere</span> <span class='ocrx_word' id='word_1_151' title='bbox 907 2295 953 2358; x_wconf 88' lang='lat' dir='ltr'>his</span> <span class='ocrx_word' id='word_1_152' title='bbox 982 2316 1036 2378; x_wconf 89' lang='lat' dir='ltr'>per</span> <span class='ocrx_word' id='word_1_153' title='bbox 1068 2299 1193 2361; x_wconf 91' lang='lat' dir='ltr'>amicum</span> 
     </span>
     <span class='ocr_line' id='line_1_19' title="bbox 95 2407 1193 2491; baseline -0.002 -16"><span class='ocrx_word' id='word_1_154' title='bbox 95 2413 209 2490; x_wconf 91' lang='lat' dir='ltr'>maluit,</span> <span class='ocrx_word' id='word_1_155' title='bbox 249 2417 280 2473; x_wconf 92' lang='lat' dir='ltr'>ut</span> <span class='ocrx_word' id='word_1_156' title='bbox 313 2411 458 2472; x_wconf 91' lang='lat' dir='ltr'>amicitiae</span> <span class='ocrx_word' id='word_1_157' title='bbox 496 2407 669 2491; x_wconf 83' lang='lat' dir='ltr'>suffragium</span> <span class='ocrx_word' id='word_1_158' title='bbox 703 2410 841 2473; x_wconf 89' lang='lat' dir='ltr'>remissio</span> <span class='ocrx_word' id='word_1_159' title='bbox 875 2410 961 2472; x_wconf 86' lang='lat' dir='ltr'>fieret</span> <span class='ocrx_word' id='word_1_160' title='bbox 993 2418 1193 2491; x_wconf 89' lang='lat' dir='ltr'>pcccatorum.</span> 
     </span>
     <span class='ocr_line' id='line_1_20' title="bbox 96 2519 1194 2607; baseline -0.001 -20"><span class='ocrx_word' id='word_1_161' title='bbox 96 2526 199 2606; x_wconf 88' lang='lat' dir='ltr'>ltaque</span> <span class='ocrx_word' id='word_1_162' title='bbox 230 2525 350 2607; x_wconf 85' lang='lat' dir='ltr'>rogavit</span> <span class='ocrx_word' id='word_1_163' title='bbox 372 2523 424 2585; x_wconf 88' lang='lat' dir='ltr'>lob</span> <span class='ocrx_word' id='word_1_164' title='bbox 441 2519 474 2607; x_wconf 83' lang='lat'>³)</span> <span class='ocrx_word' id='word_1_165' title='bbox 507 2528 536 2584; x_wconf 84' lang='lat' dir='ltr'>et</span> <span class='ocrx_word' id='word_1_166' title='bbox 558 2521 695 2584; x_wconf 93' lang='lat' dir='ltr'>dominus</span> <span class='ocrx_word' id='word_1_167' title='bbox 725 2523 848 2606; x_wconf 84' lang='lat' dir='ltr'>ignovit.</span> <span class='ocrx_word' id='word_1_168' title='bbox 893 2523 1005 2585; x_wconf 80' lang='lat' dir='ltr'>Profuit</span> <span class='ocrx_word' id='word_1_169' title='bbox 1034 2524 1089 2586; x_wconf 85' lang='lat' dir='ltr'>ittis</span> <span class='ocrx_word' id='word_1_170' title='bbox 1117 2526 1194 2586; x_wconf 92' lang='lat' dir='ltr'>ami-</span> 
     </span>
     <span class='ocr_line' id='line_1_21' title="bbox 97 2637 618 2719; baseline -0.006 -19"><span class='ocrx_word' id='word_1_171' title='bbox 97 2639 184 2718; x_wconf 83' lang='lat' dir='ltr'>citia,</span> <span class='ocrx_word' id='word_1_172' title='bbox 207 2637 312 2719; x_wconf 90' lang='lat' dir='ltr'>quibus</span> <span class='ocrx_word' id='word_1_173' title='bbox 336 2637 431 2699; x_wconf 80' lang='lat' dir='ltr'>obfuit</span> <span class='ocrx_word' id='word_1_174' title='bbox 453 2637 618 2699; x_wconf 89' lang='lat' dir='ltr'>insolentia.</span> 
     </span>
    </p>

    <p class='ocr_par' dir='ltr' id='par_1_4' title="bbox 100 2743 1199 3492">
     <span class='ocr_line' id='line_1_22' title="bbox 189 2743 1196 2829; baseline -0.005 -17"><span class='ocrx_word' id='word_1_175' title='bbox 189 2747 259 2815; x_wconf 84' lang='lat'><strong>139.</strong></span> <span class='ocrx_word' id='word_1_176' title='bbox 304 2750 388 2812; x_wconf 88' lang='lat' dir='ltr'>Haec</span> <span class='ocrx_word' id='word_1_177' title='bbox 411 2748 488 2829; x_wconf 88' lang='lat' dir='ltr'>apud</span> <span class='ocrx_word' id='word_1_178' title='bbox 512 2764 567 2811; x_wconf 91' lang='lat' dir='ltr'>vos</span> <span class='ocrx_word' id='word_1_179' title='bbox 592 2747 734 2828; x_wconf 91' lang='lat' dir='ltr'>deposui,</span> <span class='ocrx_word' id='word_1_180' title='bbox 768 2747 831 2826; x_wconf 86' lang='lat' dir='ltr'>titii,</span> <span class='ocrx_word' id='word_1_181' title='bbox 864 2765 941 2828; x_wconf 87' lang='lat' dir='ltr'>quae</span> <span class='ocrx_word' id='word_1_182' title='bbox 971 2743 1142 2807; x_wconf 88' lang='lat' dir='ltr'>custodiatis</span> <span class='ocrx_word' id='word_1_183' title='bbox 1165 2744 1196 2807; x_wconf 92' lang='lat' dir='ltr'>in</span> 
     </span>
     <span class='ocr_line' id='line_1_23' title="bbox 100 2859 1196 2951; baseline -0.006 -24"><span class='ocrx_word' id='word_1_184' title='bbox 100 2865 204 2927; x_wconf 84' lang='lat' dir='ltr'>animis</span> <span class='ocrx_word' id='word_1_185' title='bbox 233 2865 361 2940; x_wconf 87' lang='lat' dir='ltr'>uestris;</span> <span class='ocrx_word' id='word_1_186' title='bbox 396 2880 474 2943; x_wconf 87' lang='lat' dir='ltr'>quae</span> <span class='ocrx_word' id='word_1_187' title='bbox 507 2869 605 2923; x_wconf 92' lang='lat' dir='ltr'>utrum</span> <span class='ocrx_word' id='word_1_188' title='bbox 637 2860 748 2940; x_wconf 85' lang='lat' dir='ltr'>aliquid</span> <span class='ocrx_word' id='word_1_189' title='bbox 780 2860 933 2941; x_wconf 85' lang='lat' dir='ltr'>profectus</span> <span class='ocrx_word' id='word_1_190' title='bbox 964 2859 1109 2951; x_wconf 80' lang='lat' dir='ltr'>habeant,</span> <span class='ocrx_word' id='word_1_191' title='bbox 1140 2874 1196 2920; x_wconf 90' lang='lat' dir='ltr'>vos</span> 
     </span>
     <span class='ocr_line' id='line_1_24' title="bbox 100 2971 1198 3060; baseline -0.006 -20"><span class='ocrx_word' id='word_1_192' title='bbox 100 2979 272 3060; x_wconf 90' lang='lat' dir='ltr'>probabitis.</span> <span class='ocrx_word' id='word_1_193' title='bbox 311 2977 431 3039; x_wconf 89' lang='lat' dir='ltr'>Interim</span> <span class='ocrx_word' id='word_1_194' title='bbox 455 2977 569 3058; x_wconf 87' lang='lat' dir='ltr'>copiam</span> <span class='ocrx_word' id='word_1_195' title='bbox 586 2975 704 3037; x_wconf 88' lang='lat' dir='ltr'>multam</span> <span class='ocrx_word' id='word_1_196' title='bbox 728 2976 932 3056; x_wconf 89' lang='lat' dir='ltr'>exemplorum</span> <span class='ocrx_word' id='word_1_197' title='bbox 955 2971 1107 3048; x_wconf 65' lang='lat' dir='ltr'>odiernum</span> <span class='ocrx_word' id='word_1_198' title='bbox 1130 2989 1198 3034; x_wconf 90' lang='lat' dir='ltr'>narn</span> 
     </span>
     <span class='ocr_line' id='line_1_25' title="bbox 101 3084 1198 3174; baseline -0.007 -21"><span class='ocrx_word' id='word_1_199' title='bbox 101 3110 197 3174; x_wconf 92' lang='lat' dir='ltr'>prope</span> <span class='ocrx_word' id='word_1_200' title='bbox 230 3091 328 3155; x_wconf 92' lang='lat' dir='ltr'>omnia</span> <span class='ocrx_word' id='word_1_201' title='bbox 362 3090 506 3153; x_wconf 88' lang='lat' dir='ltr'>maiorum</span> <span class='ocrx_word' id='word_1_202' title='bbox 540 3088 695 3168; x_wconf 86' lang='lat' dir='ltr'>exempta,</span> <span class='ocrx_word' id='word_1_203' title='bbox 727 3089 854 3170; x_wconf 83' lang='lat' dir='ltr'>plurima</span> <span class='ocrx_word' id='word_1_204' title='bbox 886 3104 1006 3168; x_wconf 89' lang='lat' dir='ltr'>quoque</span> <span class='ocrx_word' id='word_1_205' title='bbox 1040 3084 1117 3147; x_wconf 88' lang='lat' dir='ltr'>dicta</span> <span class='ocrx_word' id='word_1_206' title='bbox 1152 3084 1198 3146; x_wconf 84' lang='lat' dir='ltr'>iris</span> 
     </span>
     <span class='ocr_line' id='line_1_26' title="bbox 102 3196 1199 3282; baseline -0.009 -16"><span class='ocrx_word' id='word_1_207' title='bbox 102 3207 196 3267; x_wconf 91' lang='lat' dir='ltr'>tribus</span> <span class='ocrx_word' id='word_1_208' title='bbox 218 3204 332 3266; x_wconf 91' lang='lat' dir='ltr'>inclusa</span> <span class='ocrx_word' id='word_1_209' title='bbox 354 3203 436 3266; x_wconf 86' lang='lat' dir='ltr'>libris</span> <span class='ocrx_word' id='word_1_210' title='bbox 460 3208 608 3280; x_wconf 89' lang='lat' dir='ltr'>tenentur,</span> <span class='ocrx_word' id='word_1_211' title='bbox 632 3207 672 3278; x_wconf 84' lang='lat' dir='ltr'>ut,</span> <span class='ocrx_word' id='word_1_212' title='bbox 697 3202 752 3262; x_wconf 88' lang='lat' dir='ltr'>etsi</span> <span class='ocrx_word' id='word_1_213' title='bbox 775 3217 875 3282; x_wconf 79' lang='lat' dir='ltr'>sermo</span> <span class='ocrx_word' id='word_1_214' title='bbox 891 3198 964 3261; x_wconf 89' lang='lat' dir='ltr'>nihil</span> <span class='ocrx_word' id='word_1_215' title='bbox 986 3196 1101 3258; x_wconf 85' lang='lat' dir='ltr'>deierat</span> <span class='ocrx_word' id='word_1_216' title='bbox 1123 3212 1199 3277; x_wconf 84' lang='lat' dir='ltr'>gra-</span> 
     </span>
     <span class='ocr_line' id='line_1_27' title="bbox 102 3306 1199 3395; baseline -0.009 -17"><span class='ocrx_word' id='word_1_217' title='bbox 102 3319 180 3395; x_wconf 89' lang='lat' dir='ltr'>tiae,</span> <span class='ocrx_word' id='word_1_218' title='bbox 203 3317 298 3379; x_wconf 87' lang='lat' dir='ltr'>series</span> <span class='ocrx_word' id='word_1_219' title='bbox 321 3323 419 3379; x_wconf 90' lang='lat' dir='ltr'>tamen</span> <span class='ocrx_word' id='word_1_220' title='bbox 442 3316 596 3378; x_wconf 88' lang='lat' dir='ltr'>vetustatis</span> <span class='ocrx_word' id='word_1_221' title='bbox 620 3313 747 3395; x_wconf 89' lang='lat' dir='ltr'>quodam</span> <span class='ocrx_word' id='word_1_222' title='bbox 771 3312 940 3394; x_wconf 91' lang='lat' dir='ltr'>conpendio</span> <span class='ocrx_word' id='word_1_223' title='bbox 963 3325 1107 3390; x_wconf 86' lang='lat' dir='ltr'>expressa</span> <span class='ocrx_word' id='word_1_224' title='bbox 1129 3306 1199 3388; x_wconf 93' lang='lat' dir='ltr'>plu-</span> 
     </span>
     <span class='ocr_line' id='line_1_28' title="bbox 103 3427 602 3492; baseline -0.004 -1"><span class='ocrx_word' id='word_1_225' title='bbox 103 3432 209 3492; x_wconf 91' lang='lat' dir='ltr'>rimum</span> <span class='ocrx_word' id='word_1_226' title='bbox 232 3429 434 3492; x_wconf 89' lang='lat' dir='ltr'>instructionis</span> <span class='ocrx_word' id='word_1_227' title='bbox 457 3427 602 3491; x_wconf 81' lang='lat' dir='ltr'>conterat.</span> 
     </span>
    </p>
   </div>
   <div class='ocr_carea' id='block_1_3' title="bbox 177 3660 1089 3740">
    <p class='ocr_par' dir='ltr' id='par_1_5' title="bbox 177 3660 1089 3740">
     <span class='ocr_line' id='line_1_29' title="bbox 177 3660 1089 3740; baseline -0.015 -16"><span class='ocrx_word' id='word_1_228' title='bbox 177 3671 209 3740; x_wconf 83' lang='lat'>1)</span> <span class='ocrx_word' id='word_1_229' title='bbox 226 3671 318 3724; x_wconf 81' lang='lat' dir='ltr'>Psalm.</span> <span class='ocrx_word' id='word_1_230' title='bbox 337 3670 380 3734; x_wconf 80' lang='lat'>54,</span> <span class='ocrx_word' id='word_1_231' title='bbox 400 3668 441 3725; x_wconf 77' lang='lat'>14.</span> <span class='ocrx_word' id='word_1_232' title='bbox 514 3668 544 3737; x_wconf 82' lang='lat'>2)</span> <span class='ocrx_word' id='word_1_233' title='bbox 562 3666 625 3720; x_wconf 88' lang='lat' dir='ltr'>lbid.</span> <span class='ocrx_word' id='word_1_234' title='bbox 643 3680 669 3718; x_wconf 83' lang='lat' dir='ltr'>u.</span> <span class='ocrx_word' id='word_1_235' title='bbox 689 3664 730 3717; x_wconf 83' lang='lat'>13.</span> <span class='ocrx_word' id='word_1_236' title='bbox 800 3661 963 3730; x_wconf 81' lang='lat' dir='ltr'><strong>3)1⁰b.42‚</strong></span> <span class='ocrx_word' id='word_1_237' title='bbox 982 3660 1004 3723; x_wconf 57' lang='grc' dir='ltr'>7ν</span> <span class='ocrx_word' id='word_1_238' title='bbox 1017 3675 1089 3728; x_wconf 85' lang='lat' dir='ltr'>seqq.</span> 
     </span>
    </p>
   </div>
   <div class='ocr_carea' id='block_1_4' title="bbox 0 0 1370 4666">
    <p class='ocr_par' dir='ltr' id='par_1_6' title="bbox 0 0 1370 4666">
     <span class='ocr_line' id='line_1_30' title="bbox 0 0 1370 4666; baseline 0 0"><span class='ocrx_word' id='word_1_239' title='bbox 0 0 1370 4666; x_wconf 95' lang='lat' dir='ltr'> </span> 
     </span>
    </p>
   </div>
  </div>
 </body>
</html>
