2692 4666
204 309 267 373 170
646 304 672 358 s,
690 303 844 358 nuuuosu

202 467 418 549 conparandae,
441 473 472 531 et
494 485 597 530 aurum
619 466 692 529 vidit
713 467 788 549 eripi
811 473 841 528 et
862 483 898 529 se
917 466 947 529 in
963 465 1161 546 captivitatem
1176 464 1288 528 deduci.

200 581 395 662 Laurentius,
427 581 478 662 qui
506 598 608 644 aurum
637 578 785 643 ecclesiae
813 578 913 643 maluit
943 597 1073 661 erogare
1099 579 1289 661 pauperibus,

202 712 288 775 quam
310 693 496 776 persecutori
517 711 687 772 reservare,
709 711 764 774 pro
787 692 930 776 singulari
949 710 1023 755 suae
1038 692 1289 774 interpretationis

201 806 357 869 vivacitate
385 824 500 870 sacram
527 808 658 890 martyrii
679 808 794 888 aceepit
816 824 966 870 eoronam.
1010 804 1159 886 Numquid
1182 805 1290 868 dictum

202 926 248 984 ast
269 927 372 985 sancto
387 922 563 986 Laurentio:
585 922 653 985 Non
672 920 798 984 debuisti
817 939 946 1003 erogare
962 919 1118 983 thesauros
1133 918 1291 999 eeclesiae,

200 1052 271 1097 vasa
294 1042 546 1097 sacramentorum
569 1032 729 1097 vendere?

290 1140 361 1207 142.
405 1144 489 1226 Opus
512 1151 573 1224 est,
606 1151 638 1208 ut
660 1145 726 1226 quis
749 1143 808 1205 lide
829 1143 946 1205 sincera
968 1147 998 1203 et
1020 1142 1188 1224 perspicaci
1218 1161 1291 1225 pro-

202 1256 329 1318 videntia
359 1276 464 1320 munus
488 1255 546 1319 hoc
568 1255 686 1337 inpleat
731 1255 810 1318 Sane
840 1254 866 1316 si
894 1253 925 1314 in
955 1270 1009 1315 sua
1039 1235 1145 1335 aliquis
1178 1252 1292 1318 derivat

201 1370 407 1450 emolumenta,
429 1371 540 1434 crimen
557 1378 603 1432 est
610 1390 620 1447 ;
644 1370 690 1431 sin
713 1386 788 1432 vero
810 1367 990 1449 pauperibus
1006 1372 1122 1449 erogat,
1145 1369 1291 1449 captivum

200 1483 335 1564 redimit,
369 1483 573 1547 misericordia
605 1490 659 1546 est.
711 1481 816 1544 Nemo.
840 1482 917 1544 enim
948 1486 1048 1563 potest
1079 1480 1199 1543 disere:
1235 1478 1292 1544 Gur

200 1615 313 1677 pauper
335 1597 433 1660 vivit?
469 1597 564 1659 Nema
588 1600 686 1677 potest
708 1596 804 1676 queri,
827 1596 894 1677 quia
916 1595 1024 1675 captivi
1045 1594 1193 1675 redempti
1208 1601 1291 1671 suut3

172 1796 173 1800 Ἰ
199 1726 288 1772 nemo
310 1716 409 1792 potest
431 1728 584 1789 accusare,
608 1711 676 1791 quia
694 1710 832 1791 templum
852 1709 901 1771 dei
916 1708 1100 1772 aedificatum
1116 1715 1180 1787 est;
1203 1727 1291 1773 nemo

199 1830 299 1905 potest
322 1823 478 1907 indignari,
505 1825 574 1906 quia
595 1823 750 1886 humandis
772 1823 900 1887 bdelium
922 1824 1055 1904 reliquiis
1078 1824 1174 1903 spatia
1195 1822 1292 1886 laxata

199 1942 284 2013 sunt3
313 1956 403 2001 necno
433 1946 533 2021 potest
561 1939 682 2018 dolere,
713 1939 781 2018 quia
810 1937 840 2000 in
870 1936 1036 2019 sepulchris
1059 1935 1292 2001 Christianorum

198 2053 322 2132 requies
346 2052 552 2116 defunctorum
574 2059 628 2115 est.
671 2052 704 2115 ln
725 2051 771 2114 his
792 2052 886 2114 tribus
907 2049 1070 2132 generibus
1091 2066 1166 2112 vasa
1188 2048 1291 2112 eccle-

200 2166 263 2229 siae
286 2167 373 2228 etiam
395 2167 505 2229 initiata
528 2167 729 2251 confringere,
753 2167 902 2247 aonllare,
924 2166 1059 2229 vendere
1080 2166 1163 2230 lieet.

289 2276 359 2343 143.
405 2279 488 2364 Opus
509 2290 564 2360 est,
586 2288 619 2345 ut
642 2281 679 2345 de
702 2282 831 2345 ecclesia
852 2281 969 2364 mystici
990 2279 1090 2363 poculi
1113 2278 1210 2342 lomna
1229 2296 1291 2343 non

171 2398 304 2478 nexant,
335 2411 374 2455 ne
404 2394 442 2457 ad
469 2413 542 2460 usus
571 2396 703 2458 nefarios
733 2397 811 2460 sacri
841 2395 940 2459 calicis
970 2393 1166 2457 ministerium
1186 2399 1290 2456 hans

198 2503 321 2567 feratur.
375 2504 447 2569 ldeo
481 2507 557 2570 intra
591 2507 747 2570 ecclesiam
780 2508 905 2589 primum
938 2506 1072 2587 quaesita
1105 2514 1176 2570 sunt
1209 2525 1289 2587 vasa,

199 2636 277 2697 quae
298 2618 408 2681 initiata
430 2637 490 2683 non
511 2627 612 2684 essent
619 2641 628 2696 ;
652 2618 759 2683 deinde
775 2621 961 2697 comminuta,
983 2625 1136 2700 postremo
1152 2620 1290 2700 conflata,

197 2746 254 2811 par
275 2730 410 2794 minutias
433 2732 615 2814 erogationis
636 2731 805 2815 dispensata
820 2730 986 2815 egentibus,
1010 2733 1194 2814 captivorum
1210 2753 1290 2815 qua-

199 2862 257 2924 que
278 2845 381 2925 pretiis
402 2844 602 2926 profecerunt.
640 2844 727 2919 Quod
750 2847 777 2908 si
799 2845 907 2908 desunt
928 2862 1007 2909 nova
1029 2850 1059 2907 et
1079 2864 1157 2927 quae
1170 2864 1290 2930 nequa-

199 2972 286 3035 quam
305 2956 417 3025 initiata
432 2956 599 3035 videantur,
620 2957 651 3020 in
666 2956 834 3020 huiusmodi
849 2975 931 3037 usus,
954 2975 1032 3039 quos
1047 2976 1136 3042 supra
1152 2959 1290 3041 diximus,

198 3067 327 3131 arbitror
349 3069 446 3132 omnia
467 3071 517 3153 pie
539 3087 631 3152 posse
654 3071 799 3135 converti.
1210 3080 1213 3085 '

577 3287 748 3355 CAPUT
781 3288 910 3354 XXIX.

196 3433 319 3504 Deposita
343 3434 492 3504 viduarum,
518 3437 595 3489 immo
620 3437 730 3489 omnium
754 3437 867 3488 fidelium
890 3438 917 3489 in
940 3437 1051 3491 ecclesia
1076 3454 1134 3490 cum
1157 3440 1197 3492 aui
1215 3439 1289 3492 etiam

196 3522 310 3591 periculo
329 3522 431 3575 delendi
450 3533 586 3593 oportere:
604 3541 670 3594 quae
688 3541 730 3577 res
749 3523 829 3579 Ouiae
846 3526 1005 3593 sacerdotia,
1021 3525 1149 3579 Ambrosii
1167 3542 1199 3580 ac
1218 3527 1287 3581 Tici-

477 3617 562 3666 nensis
580 3613 693 3682 episcopi
713 3613 834 3680 exemplis
852 3615 1004 3668 inlustratur.

285 3750 356 3817 144.
400 3754 473 3817 lllud
495 3774 568 3821 sane
591 3756 747 3842 diligenter
769 3756 909 3820 tuendum
931 3764 994 3836 est,
1024 3764 1057 3820 ut
1080 3757 1216 3842 deposita
1238 3760 1288 3823 vi-

197 3865 320 3930 duarum
350 3868 522 3933 intemerata
551 3880 703 3952 maneant,
734 3872 800 3937 sine
830 3872 889 3935 ulla
919 3877 1079 3936 seruentur
1109 3872 1286 3951 offensione,

196 3996 258 4044 non
279 3981 375 4045 solum
396 3981 561 4064 viduarum,
583 3984 636 4049 sed
659 3986 746 4049 etiam
762 3987 910 4064 omnium3
932 3984 1006 4050 lides
1022 3985 1101 4049 enim
1116 3986 1286 4051 exbibenda

197 4096 242 4153 est
264 4093 409 4174 omnibus,
431 4092 486 4157 sed
508 4096 603 4159 maior
625 4102 671 4160 est
692 4097 845 4161 viduarum
869 4115 958 4163 causa
981 4105 1011 4160 et
1033 4099 1222 4181 pupillorum.
