2692 4666
514 314 558 375 uo
578 315 603 376 s.
622 313 820 376 uusrosruu.
1148 311 1210 392 451

191 479 215 546 ς.
236 480 278 547 67,
299 481 322 534 1.
345 482 501 552 fragilitatis
517 478 563 534 Ec.
606 479 682 533 2-3.
703 484 906 552 praeminentem
924 477 960 533 Bc
978 487 1006 533 et
1022 497 1070 550 per
1088 498 1213 552 compen·

120 569 189 621 dium
211 572 367 638 {eminentem
384 567 447 621 Bnb.
809 580 811 585 ·

224 675 251 728 P.
272 678 330 730 146.

190 763 267 816 2-3.
286 775 363 836 oupet
379 769 493 836 pretione
511 764 590 818 Babc.
631 767 655 818 4.
674 769 773 837 putetis
791 765 831 819 W.
850 765 897 818 Mu.
916 764 986 832 Bab,
1012 769 1116 824 Galatis
1135 767 1215 836 Cost.‚

120 852 235 920 palatiis
254 850 345 904 bibcde
364 863 519 924 veteresque
538 855 596 907 444.
617 870 639 906 4.
660 853 758 907 Eresm.
780 863 806 906 et
822 855 928 921 Pistor,
946 857 1145 926 9414141114411,
1165 877 1215 913 ea·

119 941 201 992 latiis
220 938 270 1008 big.
306 942 331 994 6.
351 940 433 995 Scrib.
453 947 644 1007 mercennario,
664 951 691 994 ut
709 941 829 994 exhibent
842 942 882 994 W.
895 942 1022 1012 biecdeig.
1035 942 1098 995 Bob.
1112 943 1214 997 Amerb.

119 1023 218 1096 Eresm.
256 1025 329 1080 Coni.
349 1047 424 1099 supro
444 1033 476 1082 od
495 1030 524 1083 11.
543 1032 567 1083 5.
587 1034 611 1098 §.
625 1031 668 1097 20,
682 1032 707 1083 5.
741 1030 800 1083 biox
819 1035 965 1086 cotidianos
984 1033 1071 1100 recepi
1090 1048 1121 1084 en
1140 1031 1171 1084 W
1190 1041 1216 1085 et

120 1109 172 1178 tta,
192 1118 279 1168 cortici.
300 1116 361 1168 deut
378 1117 491 1170 Muuucc.
511 1127 587 1188 etque
605 1118 676 1185 soc,
696 1122 792 1189 quotid-
813 1118 882 1188 vulg.
901 1117 965 1171 libri.

603 1275 663 1345 Cup.
682 1275 734 1328 XV.

192 1402 216 1465 ς.
231 1398 274 1464 cu,
290 1398 311 1450 t.
331 1383 448 1455 animum
465 1417 555 1470 perere
568 1399 645 1453 uate.
682 1401 706 1452 2.
725 1403 753 1456 es
770 1403 935 1472 suessonum
951 1403 1130 1458 muretenses
1148 1406 1217 1460 tete·
1251 1408 1254 1414 ¹

122 1487 228 1539 reiecto
242 1486 386 1555 aequum]
406 1487 461 1539 vu.
481 1490 537 1542 oce.
558 1487 591 1539 ue
610 1487 677 1539 oruc.
696 1486 726 1539 u.
745 1487 769 1538 o.
790 1490 815 1552 ς.
834 1487 867 1539 32
887 1487 972 1540 021⁵.
991 1490 1016 1554 ς.
1036 1490 1078 1542 54.

192 1577 216 1641 ς.
238 1573 329 1639 69,1.
355 1585 418 1630 eunt
441 1577 639 1645 superscriptum
664 1583 702 1628 est
726 1577 752 1627 in
770 1575 809 1629 W.
845 1575 884 1629 De
903 1592 932 1628 re
950 1576 1001 1629 vid.
1023 1579 1078 1632 Oic.
1098 1577 1131 1631 de
1150 1579 1217 1632 4144.
1255 1633 1258 1652 Ι

120 1661 152 1713 11.
168 1661 208 1714 18.
245 1662 269 1714 2.
289 1666 419 1717 cotidiene
439 1663 508 1716 dedit
526 1663 571 1730 tto,
591 1668 731 1719 cottidiano
750 1663 844 1716 babent
863 1664 1048 1731 4414414444,
1068 1671 1219 1735 quotidiano

121 1749 217 1819 vulget.
237 1749 302 1802 iibri.
348 1750 372 1801 2.
398 1754 479 1805 eitam
504 1770 583 1806 suurn
606 1755 743 1807 sustinere
768 1753 858 1820 scripsi
883 1753 1063 1821 praeeuntibus
1088 1753 1159 1807 libris
1178 1755 1218 1806 W.

121 1836 237 1888 Mouucc.
264 1847 288 1888 et
313 1835 349 1888 Bu
376 1837 579 1907 editionibusque
606 1836 709 1891 Aruerb.
737 1837 834 1891 Erusru.
860 1837 929 1891 Cost.
955 1838 1045 1893 Pistor.
1070 1839 1145 1893 Rom.
1171 1859 1219 1910 pro

121 1928 205 1979 vitem
222 1936 292 1980 eust.
311 1943 404 1993 suom,
429 1925 498 1994 quod
519 1926 615 1996 legitur
632 1927 657 1978 in
677 1928 770 1978 ceteris
789 1927 862 1978 codd.
882 1934 907 1978 et
926 1927 985 1979 444.
1030 1929 1107 1981 4-5.
1126 1939 1155 1984 ut
1173 1945 1219 1998 pro
1251 1968 1256 1977 .

123 2023 252 2082 quatenus
271 2011 314 2065 tta.
353 2015 377 2064 5.
397 2017 434 2067 De
452 2029 481 2067 eo
500 2017 594 2084 loquor
605 2013 639 2063 W
657 2022 683 2066 et
701 2013 822 2065 41444441
837 2015 931 2066 omisso
950 2019 1028 2080 euim,
1049 2016 1117 2084 quod
1136 2019 1220 2069 inter-

123 2102 227 2167 ponitur
246 2102 271 2153 in
289 2099 360 2154 Bebc
379 2108 404 2152 et
423 2102 447 2152 in
467 2102 542 2154 editis
560 2101 856 2173 libris3‘oieeo10qeoor
874 2102 960 2154 scribit
978 2101 1029 2170 big.
1065 2104 1089 2154 7.
1109 2116 1155 2160 aut
1172 2122 1218 2175 pro

124 2198 154 2241 ut
172 2185 217 2240 Bb.
263 2187 287 2240 3.
307 2189 339 2240 eb
357 2192 400 2241 im.
421 2192 614 2243 adulescentiae
632 2187 664 2238 W
682 2196 709 2240 et
727 2187 778 2252 Bc,
805 2191 996 2243 adolescentiae
1019 2207 1042 2242 c.
1061 2191 1119 2256 edd.
1139 2195 1218 2246 ceteri

123 2289 184 2326 mss.
220 2273 249 2326 In
268 2274 310 2326 fin.
329 2293 382 2329 otoo
400 2284 476 2344 queat
494 2291 568 2344 supro
586 2274 696 2327 additum
715 2277 741 2327 in
759 2274 810 2328 414.

196 2365 220 2428 §-
239 2363 288 2428 70,
307 2361 331 2414 3.
352 2364 514 2432 turpitudine
534 2365 678 2430 redimere,
704 2362 877 2430 4444144411,
900 2367 1030 2420 redimere
1046 2381 1095 2435 pro
1113 2369 1222 2422 reddere

124 2448 195 2502 Brbc
206 2458 232 2502 et
246 2449 304 2502 444.
318 2448 372 2503 Col.
386 2457 462 2522 etque
475 2449 541 2503 4144.
572 2451 599 2502 4.
610 2452 699 2505 illiciti
711 2448 760 2520 big.
792 2447 1220 2525 4444444144,444444144414.

230 2555 258 2609 P.
279 2555 336 2609 147.

195 2644 272 2698 2-4.
292 2643 544 2715 porrectionibus,
563 2664 640 2715 quum
658 2637 776 2700 invident
793 2648 894 2700 ltaliae.
924 2648 991 2701 Num
1007 2649 1222 2703 misericordiam

124 2733 161 2788 Bc
180 2735 343 2802 conspirante
366 2733 408 2785 44.
429 2730 502 2797 Col.;
530 2736 630 2788 atienae
654 2736 857 2788 misericordiae
878 2749 925 2804 per
947 2749 996 2786 res.
1015 2733 1056 2786 tta
1080 2735 1221 2807 cademque

125 2860 204 2911 lectio
227 2860 353 2926 reperitur
376 2860 402 2911 in
426 2859 518 2911 ceteris
543 2858 655 2912 Monncc.
700 2858 726 2910 t.
746 2861 871 2914 servituti
888 2857 951 2912 Bbc.
996 2857 1021 2910 6.
1039 2817 1221 2944 4444441414,

123 2957 240 3017 possum
258 2945 305 2999 lib.
342 2946 400 2999 biox
418 2948 511 3014 poium
529 2951 639 3016 emptori
656 2950 776 3018 recipere
793 2945 848 3026 tto..

197 3056 222 3120 s.
242 3053 291 3117 71,
310 3052 387 3105 2-3.
415 3071 447 3108 oe
472 3055 674 3106 misericordiae
698 3051 744 3104 Bb.
789 3052 814 3106 4.
838 3029 864 3058 ¹⁸
889 3055 1015 3108 solvendo
1039 3057 1081 3121 (in
1104 3069 1120 3105 4
1143 3069 1164 3105 r.
1188 3068 1221 3104 nr.

126 3140 266 3209 superscr.)
285 3140 340 3206 bin,
362 3144 533 3197 inuoluendo
553 3140 764 3193 4414414144444.
799 3141 857 3193 tton
875 3152 978 3197 artetur
995 3149 1067 3193 recte
1087 3138 1160 3191 codd.
1181 3138 1221 3191 W.

126 3228 259 3299 biubcdeg.
278 3229 347 3282 Bebc
363 3238 517 3300 veteresque
536 3229 594 3281 edd.
615 3246 637 3282 c.
651 3228 748 3281 Eresm.
770 3229 889 3296 4111444,
909 3231 942 3282 44
962 3247 1010 3300 que
1029 3214 1150 3296 scripture
1168 3227 1221 3280 vid.

129 3321 221 3389 Wupn.
241 3317 258 3369 1.
278 3334 301 3370 4.
320 3316 366 3370 sub
385 3333 410 3370 u.
431 3329 523 3382 urtue;
542 3326 661 3371 arctetur
677 3315 745 3369 Cost.
760 3316 849 3369 Pistor.
863 3316 941 3372 bieur.
956 3316 1029 3382 Gilb.‚
1047 3321 1167 3373 boe-tetur
1179 3315 1221 3369 ttt.

127 3406 150 3458 5.
169 3409 274 3461 nutrire
291 3403 343 3458 Bne
362 3413 389 3457 et
407 3404 560 3474 exemplaria
578 3403 632 3457 Col.
652 3414 678 3457 et
696 3405 763 3457 4144.

197 3516 222 3580 §.
241 3513 291 3579 72,
317 3512 341 3563 2.
370 3511 465 3580 Scripsi
492 3516 602 3568 conubio
631 3500 795 3565 euidentibus
822 3511 892 3566 libris
920 3513 958 3567 W.
988 3512 1113 3566 11444441.
1142 3510 1221 3578 brebe,

128 3602 278 3672 quibuscum
303 3602 443 3654 concordet
468 3602 542 3654 etium
561 3600 602 3653 44.
623 3600 742 3667 414444.,
768 3605 898 3656 connubio
917 3602 1038 3655 exhibent
1059 3601 1115 3654 cod.
1136 3601 1177 3670 big
1196 3609 1223 3654 et

127 3690 283 3759 posteriores
309 3689 367 3742 edd.
405 3687 477 3742 Geni.
502 3689 613 3743 adnotat.
633 3689 702 3742 441.
723 3689 764 3741 32.
792 3692 815 3756 ς.
837 3690 895 3755 167,
913 3692 937 3742 5.
974 3688 1033 3741 Mox
1055 3708 1109 3743 noo
1133 3693 1222 3745 coium

128 3776 206 3830 Bebc.
252 3775 276 3829 3.
294 3779 363 3842 illud
379 3795 463 3847 pertus
481 3778 558 3830 iidem
577 3778 633 3830 libri
651 3796 673 3831 c.
694 3777 753 3831 444.
775 3774 830 3830 Coi.
850 3786 927 3848 etque
945 3777 1012 3832 4144.
1058 3778 1082 3829 5.
1102 3780 1221 3847 aelymo-

127 3869 199 3921 eiuie
218 3867 364 3920 aecclesiae
381 3867 442 3934 (sic)
461 3864 502 3918 W.
762 3866 764 3870 '

120 3989 122 3993 ’
199 3992 223 4056 §.
238 3988 280 4054 73,
293 3988 370 4042 2-3.
389 3992 445 4044 eiot
463 4006 546 4044 cenes
554 3987 598 4042 W.
615 3988 660 4043 tte.
677 3989 789 4056 4144441,
807 3993 862 4045 sint
881 3949 962 4074 ceges
979 3987 1028 4058 414,
1047 3993 1103 4046 siut
1121 3999 1222 4045 eretum

120 4099 277 4150 »4414444441
290 4096 315 4146 iu
328 4075 378 4163 big.
415 4095 440 4146 4.
452 4098 565 4164 subpetit
576 4094 623 4146 414.
654 4095 868 4161 DeiuuliumW
887 4100 950 4150 uiiie
963 4095 1025 4149 bbc.
1062 4094 1221 4152 54414444·

127 4187 257 4255 1141444144
268 4181 314 4250 tec,
332 4186 523 4251 beneficientiae
540 4184 615 4236 etiem
628 4182 664 4238 be
682 4201 705 4238 c.
720 4183 762 4236 ed.
776 4181 831 4237 Col.
861 4181 921 4238 bion
929 4188 1095 4257 poscitum„
1112 4200 1162 4255 per
1172 4199 1221 4243 rus.
