2692 4666
311 349 511 408 uuoruucus
530 324 902 407 urursrnonuuurdunn
1106 336 1151 417 49'

64 512 148 594 quod
169 519 318 578 terrarum
341 533 441 579 curam
464 535 525 581 non
548 515 663 595 babeat,
684 516 760 579 siout
782 517 871 579 maris
893 513 943 576 vel
965 511 1073 574 inferni
1095 527 1155 573 non

63 627 162 692 habet.
205 629 243 693 Et
264 629 414 713 quomodo
436 631 493 713 ipsi
516 631 698 711 excludunt,
733 648 809 713 quos
839 635 995 708 secuntur,
1028 623 1157 708 poetas?

462 832 632 900 CAPUT
667 833 760 902 XIV.

17 998 21 1005 '
64 995 115 1050 Dei
140 999 312 1067 cognitionem
337 999 398 1051 nihil
425 999 515 1069 fugere
542 1007 569 1051 et
592 1001 772 1069 scripturarum
797 998 946 1050 testimoniis
965 1004 991 1048 et
1008 994 1069 1048 solis
1095 1011 1158 1076 con-j

67 1085 191 1154 probatur
215 1086 347 1154 exemplo,
373 1089 431 1157 qui,
457 1087 518 1140 iicet
536 1096 652 1141 creatura
670 1090 716 1154 sit,
739 1095 823 1140 tamen
840 1085 884 1139 vol
901 1083 995 1137 lumine
1014 1081 1055 1135 vel
1073 1082 1160 1136 calore

504 1185 593 1229 cuncta
614 1184 739 1245 penetrat.

157 1316 207 1382 51.
253 1317 391 1399 Sequitur
413 1319 462 1381 illa
484 1320 665 1400 responsio,
691 1326 789 1382 utrum
812 1317 914 1397 deum,
941 1319 966 1380 si
990 1316 1091 1399 operis
1114 1314 1172 1379 sui'

67 1450 140 1495 cura
175 1450 236 1496 uon
267 1434 423 1514 praeterit,
455 1439 624 1515 praetereat
655 1433 787 1496 seientia.
831 1432 913 1514 Ergo
944 1432 994 1512 qui
1023 1430 1164 1512 plantavit

70 1565 193 1626 aurem,
228 1565 288 1611 nou
323 1548 418 1628 audit,
453 1553 482 1610 et
515 1549 565 1628 qui
599 1547 682 1610 fiuxit
716 1546 851 1626 oculum,
883 1564 944 1610 non
971 1544 1070 1626 videt,
1102 1562 1163 1608 non

69 1661 267 1726 considerat?
868 1654 870 1658 ’

155 1772 206 1839 52.
251 1777 318 1840 Non
339 1779 491 1860 praeteriit
512 1781 587 1844 baec
609 1797 686 1843 vana
709 1779 809 1862 opinio
841 1780 960 1844 sanctos
987 1773 1159 1860 prophetas.

68 1891 205 1972 Denique
227 1892 323 1954 David
349 1893 460 1957 inducit
482 1913 536 1959 eos
559 1897 735 1978 loquentes,
769 1914 844 1977 quos
875 1893 1014 1976 superbia
1044 1891 1162 1956 inflatos

69 2004 189 2070 adserit.
234 2005 309 2081 Quid
334 2007 412 2069 euim
437 2014 495 2069 tam
522 2006 700 2089 superbum‘,
732 2027 819 2089 quam
845 2025 911 2070 cum
932 2005 989 2088 ipsi
1011 2005 1066 2068 sub
1088 2022 1164 2086 pea-

72 2126 140 2184 cato
163 2121 241 2200 siut,
265 2122 339 2186 alios
361 2120 483 2204 indigne
505 2120 601 2186 ierant
624 2127 799 2205 peccatores
823 2122 943 2200 uivere,
967 2119 1116 2182 dieentes:
1134 2115 1165 2202 ¹)

75 2234 179 2316 Usque
199 2255 260 2318 quo
278 2245 479 2318 peccatores,
511 2240 653 2316 domine,
686 2257 784 2319 nsque
807 2256 867 2319 qno
889 2241 1074 2315 peccatores
1095 2233 1166 2315 plo-

71 2351 266 2414 riobnntnr?
310 2352 347 2415 Et
367 2353 458 2417 inira:
481 2352 523 2415 Er
544 2355 709 2416 dicerent:
722 2350 755 2437 ²)
779 2352 850 2415 Non
872 2349 991 2412 videdit
1012 2348 1166 2425 dominns,

72 2483 171 2547 neque
194 2466 350 2549 intellepet
371 2469 446 2530 dans
469 2467 575 2530 iacob.
622 2467 735 2542 Quibus
757 2466 921 2547 respondet
950 2462 1095 2544 propheta
1118 2459 1167 2523 di·

72 2596 164 2642 ceus:
181 2575 213 2663 ³)
242 2579 413 2662 Inteldepa‘te
434 2599 518 2643 nnnc
541 2581 726 2659 insipientes
750 2579 783 2640 in
805 2579 921 2658 populo
944 2586 974 2639 et
995 2577 1081 2639 siniti
1105 2575 1167 2636 udi-

72 2697 201 2776 qnondo
223 2696 332 2775 sapite.
381 2694 442 2769 ont
469 2695 628 2776 plantavit
661 2713 783 2771 norem,
819 2712 882 2757 non
907 2691 1014 2769 ondit,
1050 2698 1080 2752 et
1113 2687 1168 2770 qni

70 2809 169 2888 {insit
198 2808 336 2885 ocnlnm,
366 2826 428 2869 non
458 2806 666 2870 considerat?
712 2805 772 2882 Qui
810 2806 944 2885 corripit
969 2813 1076 2887 pentes
1104 2809 1169 2866 non

75 2931 203 3005 enpust,
228 2923 282 3004 qni
304 2923 392 2985 docet
414 2922 566 2984 bominem
587 2920 776 2983 scientiam?
821 2919 974 2983 Dominus
996 2919 1058 2981 seit
1080 2918 1167 2998 copi-

75 3035 209 3097 tationcs
230 3034 385 3097 bominum
407 3033 553 3114 qnoniam
573 3051 676 3095 conoe
690 3040 771 3095 sunt.
818 3033 875 3107 Qui
891 3051 943 3113 ea,
966 3048 1169 3115 quaecumque

74 3167 152 3212 vana
168 3155 245 3227 sunt,
268 3146 472 3229 deprehendit,
497 3162 542 3224 ea,
566 3163 642 3225 quae
665 3151 767 3207 sancta
791 3150 868 3224 sunt,
890 3145 987 3206 nescit
1003 3150 1032 3206 et
1050 3143 1169 3226 ignoro

75 3261 157 3346 quod
179 3263 244 3344 ipse
266 3260 361 3325 fecit?
402 3261 504 3323 Potest
528 3277 604 3341 opus
625 3276 710 3322 suum
732 3261 874 3342 ignorare
897 3255 1028 3320 artifex?
1072 3255 1168 3318 Homo

76 3384 123 3441 est
146 3383 176 3440 et
198 3377 228 3439 in
251 3393 344 3457 opere
367 3390 423 3438 suo
445 3372 566 3436 latentia
591 3370 787 3454 deprehendit
793 3392 803 3448 ;
835 3379 867 3435 at
888 3370 961 3433 deus
986 3386 1061 3452 opus
1084 3385 1170 3430 suum

74 3491 197 3555 nescit?
240 3488 336 3553 Altius
359 3505 434 3571 ergo
461 3484 640 3570 profundum
662 3486 692 3547 iu
716 3503 825 3566 opere,
857 3502 945 3566 quam
967 3485 998 3546 in
1021 3481 1169 3545 auctore?

73 3605 111 3669 Et
133 3604 207 3668 lecit
228 3602 352 3684 aliquid,
376 3601 456 3684 quod
475 3618 564 3682 supra
580 3617 614 3663 se
630 3605 727 3678 esset,
751 3599 834 3661 cuius
857 3599 992 3662 meritum
1015 3596 1171 3679 ignoraret

74 3723 198 3798 auctor,
222 3718 306 3780 cuius
329 3714 465 3778 affectum
487 3713 618 3777 nesciret
640 3710 775 3774 arbiter?
820 3710 901 3774 Haeo
924 3711 990 3774 illis.

165 3829 218 3897 53.
266 3829 403 3894 Ceterum
418 3829 504 3892 uobis
520 3829 591 3891 satis
607 3833 654 3890 est
668 3825 761 3908 ipsius
777 3826 986 3907 testimonium,
1004 3825 1054 3906 qui
1069 3825 1123 3887 ait:
1137 3821 1169 3909 ⁴)

79 3992 286 4004 ——..-——-——-

147 4099 179 4170 1)
195 4099 285 4155 Psalm.
299 4097 342 4165 93,
355 4090 405 4151 3.’
450 4096 582 4169 2)Psalm.
596 4094 674 4162 93‚'7.
747 4094 777 4167 3)
795 4095 858 4150 ibid.
871 4095 992 4167 v.8seq.
1061 4094 1091 4162 4)
1106 4092 1186 4146 Hie--

74 4187 251 4257 rem.17‚10.

130 4290 289 4341 Ausonios.
943 4277 967 4346 4
