2692 4666
514 310 557 360 uu
577 311 602 362 s.
624 311 822 374 uuumosuuu.
1150 321 1213 384 295
1271 317 1273 322 ’

121 470 200 521 iratur
216 469 242 519 iu
257 467 284 516 W
305 477 330 518 et
345 467 454 518 dionaeo.
492 466 516 518 3.
534 485 573 531 m,
593 469 664 518 cuius
683 465 740 520 loeo
753 467 790 520 Bb
809 470 886 521 habet
904 490 961 541 epo,
981 473 1012 523 ab
1031 489 1051 524 r.
1069 492 1100 524 m.
1120 492 1213 542 eupor-

120 558 241 621 suriptum
260 557 285 605 in
305 555 347 607 Bc.
466 610 470 619 ,

191 643 216 705 5.
238 642 302 704 114,
321 642 346 693 2.
371 645 399 695 m
423 645 472 694 tua
496 627 555 697 ur'm
573 642 619 705 u,
648 647 675 694 m
694 647 862 712 operosum.
882 645 932 711 uc,
958 651 987 700 u
1004 653 1148 704 omnem
1166 649 1212 702 uu.

122 728 190 795 lildig
209 738 235 778 ot
254 730 295 780 ed.
318 729 400 793 md,
427 733 456 782 iu
473 733 633 784 iherusalem
652 728 706 782 Coi.
746 732 772 782 4.
791 736 914 787 videatur
930 749 987 801 pu,
1013 751 1044 786 ex
1061 744 1150 788 mutet.
1168 754 1215 804 per

122 833 169 866 rus.
189 821 294 870 uidetur
313 816 367 879 We,
386 819 508 871 uideatur
523 821 589 871 miii
608 817 679 881 uod,
697 821 793 872 videat.
811 823 893 874 misdi
910 820 946 872 Bo
965 831 991 874 et
1010 822 1058 891 ug.
1095 823 1213 875 Ceterum
1256 853 1257 857 =

122 905 154 954 de
173 906 264 954 vitiosa
283 905 405 967 scripturo
424 906 521 970 miehi,
547 907 646 968 metii,
674 918 740 972 quoe
754 904 845 956 medio
863 922 928 960 aevo
946 908 1087 974 increbuit,
1110 911 1164 961 vid.
1183 909 1214 961 ud

122 990 139 1040 i.
163 991 219 1053 i.§
248 989 280 1052 3,
303 989 325 1039 i.
371 991 395 1040 5.
423 993 533 1043 cudimus·
558 1005 608 1041 om.
634 988 679 1041 Ba.
728 991 804 1045 5-6.
828 997 993 1050 inmortalem
1012 995 1051 1048 W.
1070 996 1135 1048 diue.
1154 995 1214 1060 Bac,

121 1083 233 1130 immort.
255 1078 290 1129 Bb
309 1087 335 1128 et
354 1077 410 1129 edd.
433 1076 487 1129 Col.
507 1077 573 1129 Med.
592 1077 671 1129 Maur.
686 1077 761 1143 Gilb.,
780 1085 915 1134 mortalem
933 1081 1214 1146 dominumtuum

121 1167 298 1234 seditionesque
317 1165 421 1217 Amerb.
436 1163 533 1215 Erusm.
549 1161 618 1216 Cost.
631 1163 719 1228 Rom.3
738 1167 799 1216 item
817 1167 843 1217 iu
861 1175 981 1221 contextu
1001 1167 1102 1232 Pistor„
1120 1171 1146 1220 iu
1163 1168 1213 1236 mg.

81 1323 84 1325 Α
121 1257 302 1315 immortalem.
337 1253 402 1305 Dein
419 1256 507 1305 ruroriti
524 1251 556 1303 ob
574 1269 595 1304 r.
614 1255 863 1320 m.·supemcriptum
880 1256 909 1304 iu
921 1253 961 1319 W,
979 1259 1137 1310 emtiiouom
1154 1273 1213 1310 me-

121 1344 169 1394 riti
192 1339 286 1391 hubent
304 1337 363 1392 Bou
400 1340 510 1390 Adnotut
528 1343 658 1394 Burtitiuo
677 1339 693 1390 Ι.
714 1357 753 1391 c.:
782 1344 912 1405 „Montis
930 1346 1060 1399 emtiimo
1077 1351 1132 1408 est,
1158 1359 1214 1394 ouum

120 1429 353 1480 sanctitas-morum
373 1427 492 1478 laudibus
509 1428 627 1495 congruit
650 1426 750 1479 divinis.
780 1426 838 1480 -Sed
857 1431 997 1496 posteriora
1015 1430 1095 1482 verbu
1110 1442 1144 1482 ed
1163 1429 1214 1481 MS.

122 1517 155 1565 itu
173 1515 281 1583 legendo
300 1524 401 1582 putem:
432 1520 485 1568 Deo
505 1519 550 1568 uui
566 1518 674 1584 fudisse
692 1519 769 1571 osetri
787 1519 958 1582 cemiterium,
983 1517 1045 1569 iicet
1069 1517 1132 1570 illud
1155 1519 1214 1570 vui·-

121 1614 204 1671 gutum
224 1607 311 1656 uroriti
328 1602 427 1670 legauit
446 1605 471 1654 in
491 1603 606 1653 omnibus
630 1603 718 1668 priscis
741 1602 913 1668 editionibus,
941 1612 1027 1656 contro
1052 1621 1116 1674 quos
1140 1607 1215 1659 etium

123 1709 173 1742 nou
192 1690 321 1758 pugnabo.
354 1695 499 1745 ierusalem
518 1692 593 1745 etium
612 1707 664 1741 nou
683 1692 830 1758 exprimitur
847 1692 874 1742 iu
891 1692 1053 1769 membranis,
1071 1692 1116 1744 sed
1128 1698 1216 1747 deren

122 1779 220 1845 iegitur.
255 1777 287 1827 Et
311 1774 339 1824 τό
362 1780 488 1830 moratum
515 1778 645 1829 diductum
665 1784 690 1827 et
708 1793 791 1833 rosum
811 1786 924 1849 apparet.
960 1778 1037 1830 Forte
1056 1779 1215 1831 scribendum

122 1866 311 1919 hur-mouiaiem
330 1863 361 1913 ab
381 1879 468 1916 errore
488 1862 678 1930 contractionis,
697 1865 724 1917 ut
743 1883 799 1932 cup.
819 1865 869 1916 XX.
889 1867 927 1934 [§.
946 1867 987 1919 85.
1006 1883 1031 1934 p.
1046 1868 1089 1932 62,
1107 1867 1214 1935 4-5.]:

122 1983 154 1989 —
174 1982 206 1990 —
225 1955 363 2005 soleamus
383 1970 483 2006 umorem
501 1957 675 2017 hamtoniam,
695 1959 774 2023 quasi
785 1964 939 2008 eorteeutum
952 1957 1077 2025 qmrtdom
1089 1957 1216 2008 domorum

121 2041 254 2107 operum.“

193 2131 216 2190 §.
242 2126 304 2190 115,
326 2132 348 2177 1.
374 2132 444 2195 Quid
462 2126 492 2176 W
513 2136 537 2178 et
555 2144 593 2196 pr.
613 2127 661 2178 Mu.
700 2127 798 2179 Deinde
823 2144 845 2178 c.
865 2126 905 2178 ed.
927 2124 981 2177 Cot.
1000 2129 1054 2179 iuiir
1073 2126 1114 2195 ug
1133 2135 1159 2178 et
1176 2143 1214 2195 pr.

123 2213 169 2276 W,
189 2217 252 2284 iotis
272 2212 316 2263 Bb.
354 2214 414 2265 Tum
433 2219 563 2268 uirtutum
579 2218 769 2284 principalium
787 2214 828 2266 W.
848 2212 904 2265 Mae
923 2222 949 2267 et
966 2212 1051 2278 Babo,
1075 2216 1134 2265 item
1154 2214 1214 2267 edd.

122 2301 177 2354 Coi.
197 2314 272 2373 atque
293 2302 359 2353 uted.
397 2302 510 2353 imitatur
528 2305 583 2357 Oie.
603 2305 636 2354 de
655 2304 696 2356 off.
715 2302 778 2358 1.,5.
815 2302 845 2374 Ι3.
863 2305 923 2357 rori
940 2311 1081 2367 correctum
1101 2305 1217 2356 coeteri

121 2390 145 2440 iu
165 2388 209 2440 Bb.
253 2394 277 2442 d.
296 2409 376 2445 uuum
394 2395 538 2460 urriouique
557 2391 606 2454 ua,
632 2411 712 2446 uuum
730 2409 830 2461 quoquo
847 2389 893 2441 Bb.
939 2392 1015 2443 5-6.
1035 2393 1215 2460 aequalitatem

123 2475 160 2526 W.
205 2476 230 2527 6.
251 2481 378 2546 fortitudo
396 2475 436 2528 W.
456 2477 490 2528 Bc
510 2487 534 2528 et
553 2494 589 2546 pr.
610 2478 656 2529 dia.
692 2478 719 2529 lu
739 2494 810 2546 seqq.
830 2487 854 2530 et
878 2483 1000 2547 eorporis
1024 2487 1145 2546 praestat
1163 2477 1215 2546 ug,

122 2569 243 2633 corporis
262 2573 286 2618 et
302 2573 421 2633 praestat
439 2562 522 2615 Mbcd.
561 2564 617 2622 Mox
637 2566 736 2635 pirario
752 2565 816 2616 Med.

590 2703 651 2772 Cap.
672 2704 745 2755 XXV.

191 2815 215 2878 §.
237 2811 301 2874 116,
327 2810 350 2860 1.
381 2813 448 2863 dieat
479 2812 577 2878 aliquio
608 2808 658 2874 Bu,
694 2813 801 2880 uliquis
824 2814 890 2865 dioit
919 2809 964 2862 Bb.
1027 2811 1050 2860 2.
1080 2809 1214 2877 Perperum

121 2910 269 2975 roopcuutur
281 2899 319 2948 W.
357 2898 381 2947 3.
398 2915 493 2968 portora
510 2913 559 2947 om.
574 2895 618 2948 Bu.
650 2896 721 2950 Idem
741 2896 833 2949 deiude
852 2897 930 2949 habet
948 2902 995 2952 red
1013 2901 1082 2952 ortis
1100 2907 1140 2952 ort
1157 2902 1214 2950 doe.

121 2986 176 3038 vid.
196 2991 288 3041 Cicero
308 2987 340 3037 de
359 2986 402 3037 off.
422 2985 440 3037 Ι.
459 2984 484 3037 2.
503 2989 527 3050 §.
547 2986 571 3037 7.
608 2987 633 3036 d.
652 2990 680 3038 iu
699 2996 770 3039 corta
787 3003 885 3055 ponera
904 2982 949 3036 Bb.
985 2984 1011 3034 5.
1032 2989 1077 3055 qui
1095 2983 1141 3048 W,
1169 3001 1216 3038 neo

124 3057 196 3126 dietis
225 3074 288 3127 Dein
306 3077 428 3144 udfhruot
443 3070 488 3124 Bc.
502 3071 579 3124 Maur.
594 3071 669 3137 Gitb„
688 3076 802 3143 offerunt
821 3070 940 3124 Mubcdei
957 3080 982 3123 et
1000 3069 1053 3123 Bab
1073 3072 1214 3123 editiones-

123 3181 172 3231 que
197 3163 340 3230 superiores
366 3169 472 3228 exceptu
492 3160 580 3225 Rom,
610 3176 690 3229 quoe,
715 3167 741 3211 ut
760 3158 817 3228 Mg,
840 3158 918 3212 habet
935 3164 1055 3230 efferaret.
1093 3160 1216 3212 mendose

121 3254 234 3320 offerunt
253 3250 291 3300 W.
339 3250 363 3301 6.
387 3267 435 3303 neo
453 3253 589 3305 versutior
608 3248 641 3302 rui
659 3252 825 3302 traotumium
844 3247 932 3316 Mcdg,
958 3251 1165 3302 versutiarum
1183 3250 1216 3301 mi

122 3340 285 3390 tractandum
303 3336 360 3389 dibi.
395 3338 421 3388 7.
441 3343 495 3391 uita
513 3335 702 3404 ooiiercdg.
735 3335 798 3386 Dein
818 3338 949 3389 maiorum
961 3334 1001 3385 W.
1037 3337 1062 3387 8.
1081 3352 1215 3390 commou-

122 3426 233 3490 tarium]
254 3425 288 3475 itu
308 3441 363 3474 cum
383 3425 459 3488 edd,
482 3443 544 3493 quas
564 3426 678 3491 inspexi,
703 3424 752 3473 mei
772 3421 847 3474 codd.
867 3436 962 3472 omues.
1000 3422 1112 3473 Aduotot
1132 3429 1215 3474 autem

122 3516 250 3566 Burtioiuo
269 3514 284 3563 Ι.
304 3529 341 3562 u:
362 3516 563 3576 „deducendum
582 3513 864 3575 commemoratorium,
885 3511 952 3577 quod
970 3525 1101 3580 exprme
1118 3513 1147 3561 iu
1165 3527 1214 3563 oo-

122 3603 203 3652 tustir
227 3605 387 3667 rueroirouio
411 3610 552 3654 exoratum
576 3603 647 3664 esW,
676 3600 794 3666 idemque
813 3597 965 3648 vocabum
990 3613 1021 3648 ex
1040 3590 1125 3649 Nostri
1143 3597 1168 3650 h.
1187 3595 1216 3660 i.‚

122 3688 189 3755 quod
210 3688 323 3752 mireris,
343 3690 434 3740 excitat
452 3692 604 3742 Freuudius
623 3691 647 3738 iu
665 3687 749 3738 Lexic.
768 3687 869 3754 liuguae
887 3683 940 3736 Lot.
959 3702 978 3736 s.
997 3701 1022 3736 v.
1059 3681 1148 3735 Statim
1167 3701 1214 3737 re-

122 3776 244 3828 verentii
261 3775 337 3843 Mbeg
357 3785 383 3827 et
402 3780 506 3846 uetutiri
524 3775 591 3844 ittig.

192 3866 216 3929 §.
239 3853 329 3926 117‚1
352 3873 377 3914 et
395 3866 419 3915 2.
440 3869 547 3919 obruam
566 3863 610 3915 ue.
657 3863 681 3913 3.
706 3873 747 3916 est
770 3876 820 3912 om.
839 3862 907 3912 idem
926 3860 1000 3913 iiber.
1039 3860 1100 3912 Tum
1125 3864 1149 3913 ei
1169 3875 1215 3927 pro

122 3955 163 4004 u'ttt
181 3951 296 4002 scribunt
314 3950 390 4002 Bubc.
1069 3956 1072 3965 ⁴

226 4057 253 4110 P.
273 4059 314 4109 72.

192 4148 269 4198 2-3.
290 4147 387 4198 Verbo:
406 4165 458 4200 urm
477 4149 574 4201 diceret
595 4175 622 4184 ·-
646 4148 759 4215 requirit
776 4147 801 4197 iu
820 4153 939 4197 contextu
958 4144 1050 4195 omisso
1068 4139 1100 4191 W
1119 4144 1144 4194 iu
1163 4159 1213 4210 mgr.
