2692 4666
192 305 238 372 ’18
632 304 660 359 fl.
680 303 834 360 anaaosn

193 484 263 530 esra
291 468 443 531 bominem
471 466 586 544 oolam,
616 465 775 544 fooiomor
804 469 835 530 ei
864 466 1058 530 adiutorium
1085 466 1187 529 simile
1213 465 1286 529 sibi.

193 583 241 649 Ad
263 582 462 647 adiumentum
491 600 568 666 ergo
596 581 704 645 mulier
733 583 801 647 data
824 590 871 647 est
892 582 976 663 viro,
1008 600 1085 666 quae
1116 585 1288 666 generaret,

193 707 225 764 ut
246 698 335 764 homo
366 699 477 762 bomini
506 697 674 761 adiumento
706 696 793 761 toret.
839 698 974 780 Denique
1001 706 1158 780 antequam
1180 695 1287 760 mulier

192 809 388 891 formaretur,
412 810 527 890 ,dietum
557 818 603 874 est
633 810 671 873 de
699 809 808 874 Adam:
826 807 857 895 ¹)
886 811 955 874 Noo
978 822 1026 875 est
1055 814 1201 898 inventos
1225 812 1286 874 ad-

191 927 278 989 totor
308 926 422 988 similia
455 925 520 998 illi5
551 922 748 986 adiumentum
780 924 857 986 enim
889 923 978 987 bomo
1010 925 1068 986 nisi
1098 922 1136 986 de
1166 922 1287 987 bomine

191 1038 303 1104 habere
324 1057 386 1103 non
417 1043 541 1121 poterat
585 1037 632 1100 Ex
663 1037 799 1101 omnibus
828 1038 918 1122 igitur
948 1037 1142 1101 animantibus
1173 1037 1286 1100 nullum

192 1153 298 1219 animal
320 1154 414 1217 simile
437 1160 486 1232 et,
508 1159 540 1216 ut
562 1151 698 1215 absolute
721 1150 869 1232 dieamus,
892 1128 997 1216 nullus
1014 1151 1132 1216 adiutor
1155 1151 1284 1214 hominis
1335 1200 1338 1205 .

190 1267 327 1331 inventus
350 1273 396 1329 est
403 1286 413 1344 ;
436 1265 587 1328 muliebris
611 1265 702 1347 igitur
723 1282 815 1328 sexus
837 1264 954 1328 adiutor
977 1266 1216 1346 exspectabatur.

280 1377 350 1444 135.
395 1379 477 1463 Ergo
507 1378 670 1442 secundum
692 1378 945 1443 dei-voluntatem
968 1380 1016 1442 vel
1039 1386 1163 1443 naturae
1187 1397 1285 1460 oopu-

72 1500 79 1512 '
190 1494 249 1558 lam
272 1494 399 1556 invicem
420 1493 506 1556 nobis
526 1510 595 1555 esse
613 1493 733 1556 auxilio·
748 1492 900 1573 debemus,
925 1501 1041 1557 certare
1064 1492 1180 1573 officiis,
1203 1493 1287 1555 velut

189 1609 221 1671 in
242 1609 341 1673 modio
366 1626 469 1671 omnes
492 1607 631 1670 utilitates
653 1619 768 1689 ponere
792 1615 838 1688 et,
861 1615 892 1671 ut
914 1610 1008 1672 verbo
1026 1609 1191 1691 scripturae
1208 1615 1284 1688 utar,

189 1721 389 1785 adiumentum
411 1720 493 1783 ferre
515 1720 589 1783 alter
611 1721 696 1782 alteri
718 1721 768 1783 vel
789 1721 904 1800 studio,
935 1722 984 1786 vel
1007 1722 1123 1804 officio,
1154 1722 1204 1786 vel
1225 1741 1285 1804 pe-

119 1888 123 1893 .
190 1837 293 1917 cunia,
325 1836 375 1898 vel
396 1833 555 1917 operibus,
586 1834 634 1897 vel
658 1835 789 1915 quolibet
812 1836 916 1914 modo,
949 1843 979 1898 ut
1002 1837 1079 1900 inter
1101 1854 1158 1901 nos
1180 1837 1284 1900 socie·

188 1953 257 2014 tatis
288 1957 434 2034 augeatur
462 1950 566 2032 gratia.
611 1949 675 2012 Neo
707 1950 861 2031 qumquam
890 1951 926 2013 ab
950 1951 1048 2014 osfioio
1080 1951 1129 2015 vel
1159 1950 1284 2034 periculi

188 2073 306 2130 terrore
328 2072 508 2143 revocetur,
532 2064 585 2128 sed
608 2066 706 2128 omnia
728 2083 782 2128 sua
805 2065 891 2129 ducat
914 2065 963 2129 vel
985 2065 1111 2130 adversa
1133 2065 1183 2128 vel
1205 2084 1282 2148 pro-

187 2199 286 2264 spera.
338 2181 474 2261 Denique
511 2187 632 2243 sanetus
667 2162 789 2262 Moyses
823 2199 879 2261 pro
913 2181 1024 2261 populo
1058 2180 1172 2261 patriae
1205 2180 1284 2243 bella

187 2296 342 2377 suscipere
364 2296 467 2379 gravia
491 2313 551 2358 non
573 2293 792 2373 reformidavit,
816 2313 872 2356 neo
891 2295 973 2376 regis
993 2294 1191 2378 potentissimi
1216 2301 1282 2358 tre·

187 2410 313 2493 pridavit
341 2414 439 2489 arma,
473 2427 530 2471 neo
559 2409 732 2472 barbaricae
763 2410 939 2472 inmanitatis
975 2409 1095 2491 expavit
1128 2407 1281 2488 ferociam,

187 2524 242 2588 sed
265 2525 371 2588 abiecit
393 2524 516 2587 salutem
539 2543 640 2604 suam,
663 2530 695 2587 ut
717 2525 797 2606 plebi
818 2523 960 2588 redderet
982 2525 1154 2588 libertatem.

275 2636 345 2704 136.
390 2638 516 2724 Magnus
539 2639 637 2719 itaque
660 2639 788 2701 iustitiae
810 2636 966 2720 splendor,
996 2656 1072 2720 quae
1094 2638 1159 2702 aliis
1180 2638 1279 2720 potius

185 2758 268 2832 nata,
292 2771 379 2834 quam
401 2754 458 2815 sibi
480 2753 718 2816 communitatem
741 2759 771 2815 et
793 2754 964 2816 societatem
997 2757 1128 2817 nostram
1149 2750 1279 2830 adiuuat,

187 2867 390 2952 excelsitatem
413 2873 503 2947 tenet,
525 2874 558 2930 ut
571 2885 628 2932 suo
646 2867 755 2931 iudicio
778 2869 877 2932 omnia
898 2867 1030 2932 subiecta
1052 2866 1168 2946 babeat,
1190 2884 1278 2948 opem

185 2980 251 3044 aliis
281 2978 374 3062 ferat,
403 2983 557 3064 pecuniam
587 2981 740 3062 conferat,
770 2981 868 3046 officia
900 3001 960 3046 non
992 2981 1116 3060 abnuat,
1145 2980 1278 3062 pericula

185 3094 327 3176 suscipiat
349 3093 452 3157 aliena.

274 3205 344 3272 137.
390 3207 462 3282 onis
484 3226 546 3270 non
569 3216 693 3290 cuperet
714 3207 790 3271 bane
812 3207 929 3270 virtutis
951 3225 1050 3271 arcem
1073 3215 1196 3286 tenere,
1219 3207 1277 3271 nisi

184 3323 277 3404 prima
306 3321 428 3411 avaritia
457 3323 618 3385 infirmaret
647 3330 735 3404 atque
764 3322 931 3387 inflecteret
958 3327 1055 3384 tantae
1084 3320 1202 3384 virtutis
1224 3320 1277 3384 vi·

182 3435 314 3520 goram?
359 3434 475 3497 Etenim
498 3433 566 3499 dum
589 3452 703 3518 augere
729 3452 819 3515 opes,
849 3452 997 3518 aggerare
1026 3433 1186 3514 pecunias,
1217 3450 1277 3496 oo·

183 3567 294 3631 oupare
317 3554 413 3612 terras
436 3548 679 3631 possessionibus
702 3549 845 3631 cupimus,
867 3556 1022 3630 praestare
1045 3547 1161 3626 divitiis,
1184 3547 1276 3611 insti-

184 3664 242 3726 tiae
277 3662 400 3738 lormam
433 3663 586 3742 exuimus,
623 3660 848 3727 beneficentiam
885 3679 1069 3725 communem
1106 3660 1275 3724 amittimus.

184 3776 343 3850 Quomodo
375 3777 453 3839 enim
485 3783 585 3860 potest
613 3776 707 3840 iustus
738 3792 807 3840 esse
836 3777 887 3858 qui
914 3776 1013 3840 studet
1041 3775 1160 3857 eripere
1189 3775 1276 3839 alteri

183 3889 265 3970 quod
286 3890 343 3954 sibi
366 3889 515 3971 quaerat?

182 4043 385 4059 ——-—-——-—t

255 4133 282 4200 1)
301 4134 392 4190 Gener.
409 4135 436 4202 2,
453 4133 495 4190 20.
