2692 4666
387 1051 556 1144 LIBER
593 1050 841 1145 TERTIUS.

536 1274 696 1282 —————-·-

497 1405 670 1472 CAPUT
705 1406 731 1468 I.

67 1546 90 1599 Α
109 1547 209 1600 Doride
227 1565 258 1601 ae
275 1548 412 1601 Salomone
430 1547 503 1600 nobis
520 1558 695 1617 praeceptum,
713 1564 764 1619 qua
782 1549 881 1601 ratione
900 1565 957 1601 cum
976 1550 1053 1601 corde
1071 1558 1158 1602 nostro

67 1635 269 1688 conversandum
289 1638 330 1702 sit,
349 1636 506 1705 proindeque
525 1635 669 1705 Scipionem
688 1637 759 1702 dicti,
778 1636 847 1706 quod
865 1637 889 1688 ei
907 1635 1034 1703 tribuitur,
1052 1638 1159 1706 priunum

68 1731 200 1776 auctorem
227 1739 278 1775 uon
305 1723 477 1792 reputandum.
515 1723 596 1788 Quem
623 1724 728 1792 pulchra
755 1725 780 1775 iu
806 1725 860 1775 otio
887 1740 934 1776 suo
958 1725 1161 1793 perpetraverint

67 1811 149 1862 sancti
166 1810 325 1879 prophetae,
353 1810 442 1863 borum
467 1819 542 1879 atque
566 1811 673 1864 aliorum
691 1812 741 1862 otia
760 1809 940 1876 conferuntur,
968 1810 1160 1881 ostenditurque

283 1913 417 1966 numquam
435 1897 516 1951 solum
536 1899 621 1951 autin
639 1907 748 1967 angusto
769 1899 861 1949 iustum
879 1914 945 1950 esse.

159 2037 186 2102 1.
230 2040 326 2104 David
347 2039 493 2122 propbeta
515 2039 614 2102 docuit
635 2056 691 2104 nos
715 2046 861 2121 tamquam
891 2039 921 2100 in
948 2039 1041 2120 ampla
1071 2039 1159 2102 domo

68 2152 259 2216 deambulare
290 2154 320 2216 in
350 2153 442 2217 corde
472 2159 577 2216 nostra
608 2161 639 2215 et
670 2152 844 2216 conversari
866 2171 933 2214 cum
956 2170 995 2216 eo
1016 2158 1163 2234 tamquam

68 2285 135 2329 curu
158 2267 240 2330 bono
262 2269 476 2348 contubernali,
503 2275 536 2332 ut
557 2268 623 2349 ipse
645 2268 701 2331 sibi
724 2267 837 2331 diceret
858 2273 888 2330 el
910 2267 1086 2349 loqueretur
1108 2286 1162 2333 se-

68 2400 154 2457 cum3
185 2387 218 2443 ut
240 2386 285 2444 est
306 2380 394 2444 illud:
412 2378 443 2465 ι)
473 2383 573 2460 Dixi,
597 2382 771 2444 custodiam
792 2383 863 2446 cias
882 2401 978 2445 meas.
1023 2381 1163 2450 Salomon

68 2512 191 2575 quoque
219 2493 296 2558 filius
327 2495 391 2557 eius
420 2494 505 2559 dicit:
522 2493 554 2579 ²)
584 2495 662 2558 Bibe
684 2515 798 2577 aquam
820 2497 859 2558 de
882 2497 944 2559 tuis
965 2497 1051 2558 casis
1073 2504 1103 2560 et
1124 2497 1182 2557 de.

66 2615 231 2686 puteorum
251 2614 375 2670 tuarum
392 2607 554 2686 sastilium
575 2609 635 2672 bac
650 2614 706 2688 est,
730 2616 782 2672 tuo
798 2609 1035 2674 consiliantem.
1070 2609 1164 2690 Aqua

69 2721 150 2782 euim
166 2720 232 2782 alta
247 2719 412 2784 consilium
426 2720 460 2780 iu
476 2720 572 2782 eorde
586 2719 658 2781 oiri.
671 2715 704 2802 ³)
741 2719 846 2797 Nemo,
869 2720 973 2802 inquit,
984 2717 1017 2802 ⁴)
1040 2719 1163 2782 alienus

66 2837 227 2916 particeps
253 2836 298 2899 sit
324 2835 390 2898 tibi.
434 2835 520 2898 Faus
549 2852 651 2915 oquae
681 2818 753 2898 tuac
781 2836 825 2898 sit
852 2834 908 2897 tibi
932 2834 1086 2915 proprius
1093 2854 1103 2911 ;
1134 2842 1166 2897 et

68 2948 241 3012 iucuudare
269 2969 338 3012 cum
367 2968 487 3027 uxore,
521 2967 602 3029 quoe
631 2957 680 3011 est
709 2948 766 3011 tibi
793 2969 814 3012 a
835 2951 1000 3012 iuuentute.
1047 2948 1164 3012 Gerous

70 3061 226 3124 amicitiae
249 3071 281 3125 et
298 3062 406 3141 pullus
426 3063 601 3144 pretiorum
625 3061 868 3140 confabulentur
890 3071 997 3125 tecum.

157 3174 187 3239 2.
231 3175 299 3238 Non
323 3194 398 3259 crgo
421 3177 531 3258 primus
554 3175 655 3258 Scipio
678 3176 766 3239 scivit
788 3177 871 3239 solus
896 3193 957 3239 non
981 3193 1066 3255 esse,
1096 3192 1164 3238 cum

69 3287 153 3351 solus
176 3295 268 3369 esset,
291 3308 349 3352 nec
370 3291 466 3354 minus
489 3291 615 3369 otiosus,
639 3308 706 3352 cum
728 3291 842 3353 otiosus
865 3296 964 3366 esset3
987 3289 1073 3352 scivit
1095 3295 1164 3365 ante

68 3399 166 3481 ipsum
195 3400 335 3484 Moyses,
365 3406 432 3486 qui,
463 3423 530 3468 cum
560 3409 689 3483 taceret,
720 3401 863 3465 clamabat
870 3422 879 3477 3
896 3398 927 3484 ⁵)
961 3420 1027 3464 cum
1049 3401 1163 3463 otiosus
1200 3424 1207 3439 κ

69 3518 179 3592 steret,
212 3515 413 3595 praeliabatur
419 3537 429 3594 ;
462 3535 520 3579 nec
548 3518 644 3582 solum
675 3515 895 3600 praeliabatur,
926 3514 980 3577 sed
1010 3513 1096 3576 etiam
1125 3509 1164 3574 de

68 3625 223 3708 hostibus,
246 3645 323 3708 quos
345 3644 407 3691 nan
428 3628 613 3711 contigerat,
635 3626 833 3709 triumphabat
839 3647 848 3703 ;
878 3624 955 3688 adeo
979 3625 1110 3701 otiosus,
1132 3627 1164 3685 ut

68 3756 174 3802 manus
190 3739 255 3802 eius
270 3740 320 3803 alii
334 3743 526 3822 sustinerent,
547 3760 606 3805 uec
620 3742 727 3823 minus,
747 3758 835 3822 mam
850 3739 953 3819 ceteri,
975 3736 1164 3820 negotiosus,

142 4003 171 4073 1)
189 4002 279 4058 Psalnn
298 4006 342 4073 38,
361 4006 387 4064 2.
439 4008 606 4076 2)Prov.5,
625 4010 668 4062 15.
722 4009 750 4073 3)
768 4006 843 4061 Prov.
861 4005 905 4072 20,
924 4005 949 4059 5.
996 4002 1026 4071 4)
1043 4001 1118 4058 Prov.
1136 4001 1165 4068 5,

70 4090 184 4146 17-18.
238 4092 267 4161 5)
285 4092 366 4149 Exod.
388 4095 431 4162 14,
450 4097 490 4150 15.
