2670 4664
329 349 375 404 DE
394 347 531 405 osricus
549 349 774 406 nntlsmonttn
790 349 887 407 tussa
905 351 935 407 lt
1118 357 1181 424 145

78 506 200 570 venitur
226 508 319 589 prior.
363 509 474 572 Lucem
503 510 610 573 etenim
640 511 718 573 hanc
745 511 868 593 suscipit
895 531 976 594 nox,
1008 512 1182 596 sapientiam

79 626 181 684 autem
203 637 266 684 non
290 622 381 685 vincit
403 624 522 688 malitia.
541 620 571 708 ¹)

167 729 220 798 65.
265 733 401 799 Diximus
432 735 469 798 de
499 736 564 799 eius
592 735 811 818 pulchritudine
841 744 871 801 et
900 730 1065 821 scripturae
1094 741 1183 806 testi·

79 846 183 909 monio
207 848 477 928 conprobavimus3
499 847 639 932 sup'erest
660 857 692 913 ut
715 849 876 915 doceamus
894 852 1058 933 scripturae
1074 861 1183 918 aucto-

80 959 168 1022 ritaie
184 955 218 1042 ²)
241 959 353 1023 nullum
377 961 405 1023 ei
428 962 655 1025 contubernium
678 981 744 1026 cum
768 963 846 1026 vitiis
869 981 957 1044 esse,
988 964 1043 1028 sed
1071 965 1183 1030 indivi-

81 1073 169 1136 duam
193 1089 260 1135 cum
283 1073 394 1137 ceteris
415 1074 572 1137 virtutibus
595 1076 854 1155 coniunctionem,
886 1076 970 1139 cuius
996 1078 1116 1158 spiritus
1139 1083 1185 1141 est

81 1184 230 1264 disertus,
260 1184 326 1248 sine
350 1187 590 1267 inquinamento,
621 1193 740 1269 certus,
771 1194 909 1268 sanctus,
940 1207 1041 1252 amans
1063 1191 1184 1271 bonnm,

81 1305 206 1376 acutus,
230 1298 280 1380 qui
302 1298 374 1360 nihil
396 1305 478 1363 vetet
499 1299 698 1380 benefacere,
721 1301 879 1386 benignus,
902 1302 1024 1381 stabilis,
1047 1320 1184 1383 securus,

82 1428 201 1473 omnem
224 1410 338 1472 habens
361 1411 511 1489 virtutem,
535 1411 633 1473 omnia
657 1412 854 1494 prospiciens.
899 1412 935 1474 Et
957 1409 1099 1497 infra:³)
1123 1415 1185 1481 So-

80 1521 238 1616 lrrietatem
262 1523 340 1585 enim
365 1522 455 1585 docet
477 1529 508 1585 et
528 1524 669 1587 iustitiam
693 1530 723 1586 et
746 1525 893 1588 virtutem.

484 1721 656 1788 claun
692 1722 796 1811 xrv„

83 1865 247 1920 Prudentiam
265 1881 322 1918 cum
340 1864 457 1918 omnibus
474 1866 608 1919 virtutibus
632 1869 793 1920 coniunctam
818 1881 892 1931 esse,
919 1867 1028 1919 maxime
1045 1885 1109 1923 voro
1129 1886 1186 1923 cum

499 1969 577 2022 opum
597 1954 771 2023 despicientia.

172 2085 227 2153 66.
264 2087 369 2151 Omnia
392 2089 494 2171 igitur-
507 2096 649 2170 operatur
669 2088 836 2170 prudentia,
859 2107 926 2153 cum
948 2092 1085 2155 omnibus
1099 2089 1187 2155 bonis

85 2203 178 2265 habet
200 2203 391 2265 consortium.
436 2201 510 2264 Nam
534 2186 685 2282 quomodo
708 2209 808 2284 potest
829 2203 900 2266 utile
923 2204 1078 2267 consilium
1105 2202 1186 2282 dare,

86 2315 146 2378 nisi
168 2314 276 2378 habeat
299 2315 455 2395 iustitiam,
485 2320 516 2378 ut
538 2314 641 2377 induat
663 2317 876 2396 constantiam,
901 2323 1026 2382 mortem
1049 2336 1112 2382 non
1132 2336 1189 2381 re-

88 2427 238 2509 formidet,
261 2427 343 2491 nullo
366 2435 495 2508 terrore,
517 2428 600 2491 nullo
622 2437 783 2493 revocetur
804 2436 895 2512 metu,
917 2431 997 2495 nulla
1018 2429 1188 2495 adulatione

89 2560 106 2605 a
129 2559 205 2604 vero
227 2539 444 2604 deflectendum
459 2546 561 2622 putet3
585 2540 722 2604 exsilium
737 2559 799 2605 non
814 2540 953 2624 refugiat,
977 2561 1054 2625 quae
1069 2543 1190 2607 noverit

90 2654 217 2736 sapienti
246 2653 367 2736 patriam
397 2651 536 2716 mundum
568 2670 637 2716 esse
644 2675 654 2730 3
687 2658 851 2736 egestatem
878 2672 939 2718 non
961 2655 1079 2735 timeat,
1110 2673 1189 2737 quae

88 2766 162 2830 nihil
184 2764 294 2830 deesse
316 2764 442 2846 sapienti
466 2763 556 2842 sciat,
587 2765 635 2826 cui
666 2768 745 2828 totus
777 2762 902 2827 mundus
925 2764 1092 2828 divitiarum
1117 2765 1189 2830 est‘l

91 2877 169 2953 onii
191 2878 269 2941 enim
291 2875 475 2958 praecelsius
498 2874 549 2939 illo
571 2877 648 2955 viro,
671 2877 721 2958 qui
743 2895 817 2941 auro
831 2878 949 2942 moveri
964 2878 1088 2957 nesciat,
1111 2894 1190 2942 con-

90 2995 233 3071 temptum
254 2987 362 3053 habeat
382 2988 592 3070 pecuniarum,
625 2994 654 3050 et
676 2989 756 3052 velut
780 3008 913 3054 exerce
935 2988 1062 3072 quadam
1085 2989 1190 3073 despi-

91 3103 150 3166 ciat
171 3101 324 3164 hominum
346 3099 549 3182 cupiditates?
593 3100 680 3174 Quod
710 3102 761 3183 qui
790 3101 913 3182 fecerit,
944 3102 1025 3166 hunc
1053 3101 1191 3166 homines

91 3232 182 3296 supra
204 3213 354 3277 hominem
377 3229 447 3276 esse
470 3214 664 3276 arbitrantur:
694 3213 773 3289 Quia
795 3224 860 3292 est,
883 3216 996 3296 inquit,
1013 3212 1046 3298 ⁴)
1068 3214 1192 3292 defoset

91 3322 289 3387 laudabimus
312 3323 405 3384 eum?
448 3322 537 3387 Fecit
561 3326 643 3385 ercino
663 3323 823 3388 mirabilia
845 3326 878 3387 irc
900 3327 968 3388 otta
990 3344 1058 3389 aaa.
1103 3324 1191 3399 Quo-

91 3434 185 3513 modo
206 3434 284 3498 enim
306 3452 368 3498 non
391 3431 590 3511 admirandus,
614 3435 664 3516 qui
685 3433 801 3498 divitias
817 3436 941 3517 spernit,
964 3453 1038 3518 quas
1053 3435 1192 3519 plerique

92 3547 179 3612 saluti
200 3547 342 3629 propriae
364 3546 595 3628 praetulerunt?

113 3645 115 3649 ¹
181 3657 233 3725 67.
271 3660 367 3724 Decet
389 3660 481 3743 igitur
503 3677 607 3724 omnes
631 3675 758 3721 censura
781 3657 969 3742 frugalitatis,
992 3658 1193 3723 continentiae

93 3773 270 3853 auctoritas,
297 3779 327 3836 et
349 3773 476 3836 maxime
499 3791 576 3850 eum,
600 3772 651 3853 qni
673 3770 790 3835 honore
811 3777 957 3854 praestet,
980 3788 1019 3834 na
1040 3770 1192 3854 praeemi-

94 3889 214 3949 nentem
236 3885 333 3948 virumn
355 3883 487 3948 thesauri
508 3880 684 3966 possideant
705 3881 768 3963 sui,
796 3887 826 3945 et
847 3882 983 3964 pecuniis
1004 3881 1118 3946 serviat
1143 3880 1194 3964 qui

165 4121 194 4188 1)
211 4121 270 4192 Sap.
283 4121 420 4194 ¹7,29ssq.
456 4123 486 4190 2)
503 4122 603 4177 lbidv.
617 4120 717 4192 22saq.
752 4121 781 4188 3)
795 4121 858 4175 lbid.
872 4121 937 4190 8,·1.
972 4120 1002 4187 1)
1016 4119 1095 4175 Siren
1111 4118 1192 4187 31,9.

147 4221 308 4273 mosius.
945 4215 986 4282 10
