2692 4666
164 310 206 376 72
602 304 628 362 s.
647 304 803 362 nunnusn

165 469 253 533 deum
275 467 377 531 nescit.
422 465 558 546 Denique
586 465 728 546 insipiens
760 464 834 529 dixit
851 463 881 551 ¹)
914 467 1067 548 quianon
1090 477 1138 532 est
1160 470 1237 534 dens
1244 491 1254 547 3

164 602 230 647 nem
255 583 374 664 sepiens
396 597 457 645 nou
480 579 602 643 diceret.
649 580 805 653 Quomodo
838 583 915 645 enim
946 584 1085 665 sepiens,
1116 585 1166 666 qui
1195 602 1257 649 non

93 698 95 703 '
163 696 289 778 requirit
310 701 461 758 auctorem
485 712 579 773 suum,
603 695 652 775 qui
676 694 746 758 dicit
767 696 873 778 tepidi:
888 692 920 780 ²)
944 696 1033 759 Putes
1055 718 1139 761 meus
1154 719 1188 761 es
1206 705 1257 773 επις

165 810 214 892 qui
236 809 305 872 dicit
327 808 461 886 diabolo,
483 813 515 870 ut
537 807 743 870 Manichacus:
765 807 879 872 Auctor
902 827 986 873 meus
1009 790 1042 882 es
1065 811 1123 873 tu?
1168 811 1257 884 Quo-

53 917 56 920 ’
165 923 254 987 modo
283 924 402 1006 sepiens
426 922 615 1011 Arius,3qui
646 921 709 984 vult
738 920 931 1004 inperfectum
965 930 1116 987 auctorem
1146 924 1258 986 hebere

165 1043 253 1117 etque
281 1035 478 1118 degenerem,
512 1052 598 1115 quum
630 1052 734 1096 verum
757 1041 845 1116 utque
867 1034 1055 1117 perfeetum?
1100 1037 1258 1111 Quomodo

164 1152 283 1232 sepiens
312 1149 444 1213 Marcion
474 1155 562 1230 etque
584 1147 764 1228 Eunomius,
797 1151 846 1230 qui
881 1151 991 1213 metunt
1022 1150 1109 1214 deum
1141 1151 1258 1232 melum,
1329 1142 1332 1147 ’

166 1282 252 1345 mam
285 1263 394 1327 bonum
427 1264 564 1326 heberet
609 1263 767 1338 Quomodo
798 1265 936 1345 sapiens,
970 1266 1019 1346 qui
1053 1265 1139 1328 deum
1173 1283 1258 1329 suum

165 1395 226 1442 non
253 1377 359 1440 timet?
402 1363 528 1440 dmidium
560 1377 640 1440 enim
667 1379 841 1457 supientiae
873 1379 977 1461 timon
995 1380 1120 1442 domini.
1137 1376 1169 1462 ³)
1222 1378 1261 1442 Et

166 1490 236 1553 olibi
257 1490 367 1554 hebes:
385 1486 417 1574 ⁴)
449 1491 611 1572 Sapientes
635 1511 699 1554 non
724 1493 886 1553 declinent
908 1493 946 1554 de
970 1512 1024 1554 ore
1047 1493 1180 1572 domini,
1203 1494 1261 1556 sed

168 1610 304 1667 tractent
325 1605 359 1666 in
383 1604 632 1684 confessionibus
654 1608 741 1679 suis;
773 1607 858 1669 simul
890 1625 1009 1688 quoque
1040 1605 1158 1669 dicente
1180 1607 1260 1670 scri-

167 1724 269 1802 pture:
303 1719 487 1798 Repntntnm
518 1728 566 1782 est
596 1721 624 1782 ei
655 1721 698 1783 nd
728 1721 896 1797 iustitium
930 1723 1051 1786 alterius
1083 1723 1198 1786 virtutis
1231 1723 1261 1787 ei

168 1833 292 1917 gretiam
312 1832 423 1896 detulit.

258 1943 327 2010 118.
371 1947 459 2008 Primi
486 1947 577 2030 igitur
606 1948 710 2011 nostri·
729 1947 906 2011 definierunt
934 1947 1118 2030 prudentiam
1141 1949 1172 2010 in
1195 1951 1261 2013 veri

170 2061 334 2124 consistere
357 2061 536 2142 cognitione.
583 2061 655 2135 Quis
679 2062 755 2124 enim
777 2061 903 2124 illorum>
917 2068 985 2124 ente
1009 2061 1172 2141 Abraham,
1196 2059 1261 2125 De·

170 2174 237 2256 vid,
275 2172 487 2240 Salomonem?
538 2172 655 2235 Deinde
686 2174 824 2237 iustitiam
853 2180 991 2255 spectare
1021 2173 1058 2238 ed
1089 2176 1263 2239 societatem

171 2289 292 2375 generis
311 2289 438 2352 humani.
483 2287 619 2368 Denique
635 2287 731 2350 David
746 2288 800 2350 eit:
818 2285 849 2372 ⁵)
872 2289 1047 2368 Dispersit,
1071 2289 1158 2350 dedit
1176 2308 1260 2368 pnn-

167 2404 314 2485 peribus,
342 2405 463 2466 iustitio
485 2404 550 2467 eins
573 2411 676 2466 munet
696 2404 729 2465 in
753 2411 919 2465 ueternum.
963 2404 1065 2468 Instns
1087 2406 1260 2483 miseretur,

172 2515 273 2582 iustus
301 2519 480 2582 commodet.
526 2518 656 2600 Sapienti
679 2524 708 2580 et
729 2519 806 2581 iusto
830 2525 909 2582 totus
941 2516 1066 2582 mundus
1098 2518 1264 2582 divitiorum

173 2639 226 2697 est.
270 2634 365 2697 iustus
394 2635 557 2697 communia
579 2652 635 2715 pro
659 2635 720 2697 suis
743 2634 849 2713 habet,
878 2652 932 2696 sua
961 2651 1018 2715 pro
1049 2634 1263 2697 communibus.

171 2747 268 2811 iustus
290 2765 324 2810 se
347 2748 462 2831 ipsum,
491 2749 662 2828 priusquam
690 2746 781 2826 ulios,
812 2753 938 2810 accusat.
983 2747 1035 2809 ille
1058 2747 1136 2809 enim
1159 2747 1264 2827 iustus,

173 2862 224 2943 qui
245 2879 301 2923 nec
324 2861 380 2923 sibi
413 2861 506 2942 percit
532 2868 562 2923 et
592 2862 707 2925 occulta
736 2878 789 2924 sua
818 2861 911 2924 latere
941 2880 1002 2925 non
1030 2862 1146 2944 petitur.
1192 2860 1265 2924 Vide

174 2993 260 3057 quem
282 2974 375 3037 iustus
397 2972 554 3036 Abraham.
572 2968 604 3056 ⁶)
649 2973 680 3036 ln
703 2981 857 3036 senectute
888 2982 1063 3056 susceperat
1095 2975 1187 3038 tilium
1210 2994 1265 3058 per

174 3064 455 3170 repromissionem,
486 3089 656 3169 reposcenti
687 3088 805 3152 domino
829 3088 998 3171 negandum
1020 3090 1057 3153 ad
1079 3091 1265 3170 sacrificium,

175 3203 307 3285 quemvis
330 3203 464 3282 unicum,
491 3220 552 3265 non
574 3203 693 3284 putavit.

264 3314 334 3380 119.
378 3316 512 3381 Adverte
534 3318 582 3381 hic
606 3336 708 3382 omnes
731 3319 855 3382 uirtutes
879 3325 1018 3401 quattuor
1040 3320 1069 3385 in
1092 3338 1152 3385 uno
1176 3320 1266 3387 iectu.

175 3432 242 3496 Fuit
262 3433 423 3515 sapientiae
447 3435 505 3499 deo
521 3435 655 3515 credere,
678 3454 736 3500 nec
750 3435 802 3499 filii
817 3437 940 3519 gratiam
963 3434 1114 3499 anteferre
1135 3437 1267 3501 auctoris

177 3533 356 3632 praecept03
391 3548 443 3612 fuit
474 3548 601 3611 iustitiae
636 3554 788 3629 acceptum
821 3547 967 3626 reddere;
1001 3548 1055 3612 fuit
1088 3546 1267 3613 fortitudinis

178 3665 337 3747 appetitum
360 3665 474 3728 ratione
498 3641 647 3727 cohibere.
691 3663 826 3726 Ducebat
855 3662 981 3726 hostiam
1003 3670 1102 3746 pater,
1132 3663 1267 3727 interro-

179 3779 382 3864 gubertinus,
408 3778 601 3862 temptabatur
623 3777 746 3844 effectus
769 3778 878 3865 patrius
888 3795 904 3861 ‚·
923 3777 976 3841 sed
999 3796 1060 3842 non
1082 3778 1267 3845 vincebatur.

252 4039 279 4110 1)
296 4039 440 4107 Psalmiit,
455 4041 478 4092 1.
531 4039 782 4112 muretensem
837 4038 866 4107 3)
885 4039 1085 4109 Psalm.110,9.
1140 4041 1171 4113 4)
1188 4038 1264 4096 Pron.

181 4126 224 4194 24,
243 4127 267 4181 t.
339 4127 367 4199 5)
389 4127 476 4183 Psatm.
499 4128 557 4196 111,
576 4129 600 4183 9.
671 4128 699 4195 6)
719 4127 811 4184 denes.
829 4125 873 4198 22,
891 4125 908 4185 d
925 4142 996 4203 seqq.
1145 4139 1148 4143 ’
