2692 4666
189 332 257 401 1oe
632 324 832 383 nmmo

187 493 278 557 decus
308 499 406 555 autern
434 496 582 572 tamquam
616 494 758 553 venustas
788 495 818 551 et
846 477 1043 571 pulchritudo.
1088 488 1170 555 Sicut
1204 508 1278 574 ergo

186 604 373 690 pulchritudo
392 621 482 686 supra
503 603 702 667 salubritatem
717 620 752 665 ae
771 601 960 666 valitudinem
981 600 1097 666 videtur
1117 603 1279 684 excellere,

186 727 329 784 ettamen
350 720 415 782 sine
436 718 482 781 his
505 734 575 781 esse
598 735 659 780 non
681 722 796 798 potest,
817 734 917 797 neque
939 717 999 781 ullo
1022 718 1156 799 separari
1177 715 1278 799 modo,

142 816 144 821 Α
187 835 327 919 quoniam
349 833 406 896 nisi
429 833 508 895 hona
530 830 660 895 valitudo
684 831 739 911 sit,
770 831 955 914 pulchritudo
985 849 1056 895 esse
1078 851 1113 895 ac
1134 839 1278 896 venustus

188 968 249 1013 non
271 954 387 1031 potest:
413 947 457 1009 sic
479 945 622 1010 honestas
646 944 788 1008 decomm
809 944 880 1008 iliud
902 946 932 1008 in
954 962 990 1008 se
1012 946 1160 1024 continet,
1185 953 1220 1010 ut
1240 947 1277 1009 ah

188 1058 1278 1145 ewmwmfflmmmmmmmmtmmm

185 1174 1279 1260 fflmfflmmmmmwmmmmmmmmm

186 1292 262 1354 sicut
293 1290 411 1372 species
445 1294 491 1350 est
524 1288 683 1368 decorum,
721 1287 800 1369 quod
834 1306 901 1351 cum
933 1288 1089 1352 honestate
1122 1286 1278 1351 confusum

186 1407 326 1489 opinione
349 1402 547 1486 distinguitur.
591 1402 665 1464 Nam
689 1403 744 1464 etsi
766 1402 797 1463 in
820 1401 920 1482 aliquo
951 1399 1085 1465 videatur
1115 1402 1277 1482 excellere,

185 1526 283 1583 tamen
305 1519 336 1581 in
358 1516 459 1580 radice
482 1523 528 1578 est
550 1515 732 1595 honestatis,
766 1515 819 1578 sed
845 1515 921 1578 flore
950 1517 1128 1598 praecipuo,
1157 1522 1191 1579 ut
1212 1517 1277 1580 sine

185 1603 1276 1712 mmwwmmfflwmmmfflme

185 1745 399 1828 turpitudinem
429 1747 514 1828 quasi
544 1754 670 1811 mortem
700 1747 817 1830 fugiat?
862 1744 938 1821 Quid
971 1763 1045 1809 vero
1079 1745 1277 1826 inhonestum,

186 1861 245 1924 nisi
267 1860 347 1944 quod
369 1862 532 1926 ariditatem
555 1881 590 1926 ac
612 1869 736 1927 mortem
759 1861 899 1926 adierat?
944 1861 1066 1923 Virente
1088 1861 1178 1945 igitur
1200 1861 1277 1924 suh-

184 1975 292 2038 stantia
315 1977 431 2040 virtutis
455 1978 597 2042 decorum
618 1977 689 2042 illud
712 1984 858 2060 tamquam
881 1976 938 2041 thos
961 1976 1082 2055 emicat,
1106 1975 1173 2057 quia
1190 1973 1278 2038 radix

183 2089 265 2152 salva
284 2095 344 2169 est3
367 2099 489 2156 atvero
509 2094 654 2175 propositi
672 2094 766 2156 nostri
787 2091 887 2155 radice
906 2091 1011 2155 vitiosa
1028 2088 1099 2152 nihil
1120 2089 1275 2172 germinat

269 2201 342 2269 221.
386 2205 485 2271 Habes
516 2205 626 2271 hocin
652 2206 768 2270 nostris
794 2206 941 2287 aliquanto
971 2202 1152 2286 expressius.
1197 2201 1274 2265 Dicit

182 2315 260 2377 enim
282 2315 393 2379 David:
411 2313 438 2400 ¹)
460 2318 612 2381 Dominus
634 2317 792 2398 regnauit,
817 2318 959 2380 decorem
981 2316 1090 2380 induit.
1137 2316 1173 2379 Et
1195 2334 1274 2399 apc-

182 2428 276 2492 stolus
298 2431 351 2492 ait:
369 2426 401 2513 ²)
430 2431 519 2495 Sicut
541 2434 574 2494 in
597 2433 667 2509 die,
699 2433 827 2495 honeste
850 2431 1014 2494 ambulate.
1059 2430 1144 2506 Quod
1167 2429 1274 2495 Graeci

182 2541 282 2604 dicunt
303 2532 512 2628 εὐσχημόνως,
545 2544 604 2607 hoo
626 2549 723 2608 autem
745 2544 867 2627 proprie
891 2543 1036 2639 significat
1058 2546 1138 2608 hono
1159 2544 1272 2623 habitu,

182 2657 260 2719 hona
294 2659 405 2740 specie.
459 2659 541 2722 Deus
575 2677 650 2742 ergo
681 2659 806 2741 primum
839 2658 989 2722 hominem
1022 2677 1088 2721 cum
1120 2657 1271 2738 conderet,

182 2768 261 2833 hona
289 2769 476 2851 habitudine,
506 2773 585 2837 bona
613 2774 812 2836 membrorum
845 2773 1052 2855 conpositione
1082 2771 1221 2836 formavit
1243 2778 1273 2836 et

182 2884 318 2966 optimam
342 2887 369 2949 ei
391 2888 521 2968 speciem
545 2888 633 2952 dedit.
677 2887 892 2951 Remissionem
922 2906 982 2952 non
1009 2887 1132 2951 dederat
1158 2905 1272 2970 pecca·

180 3002 278 3060 torum
284 3018 293 3075 ;
325 3000 379 3062 sed
408 3007 512 3083 postea
542 3021 628 3084 quam
655 3004 811 3066 renovavit
842 3021 909 3065 eum
939 3002 1043 3085 spiritu
1065 3007 1095 3064 et
1116 3000 1221 3065 infudit
1243 3002 1273 3064 ei

181 3113 314 3196 gratiam,
337 3115 386 3195 qui
409 3124 534 3179 venerat
556 3118 586 3179 iu
607 3118 690 3181 servi
710 3117 805 3181 forma
824 3123 854 3179 et
875 3117 905 3178 in
927 3117 1054 3182 hominis
1076 3117 1189 3200 specie,
1212 3117 1269 3180 ad-

181 3226 306 3307 sumpsit
337 3225 477 3291 decorem
505 3229 717 3312 redemptionis
749 3231 914 3294 humanae.·
948 3231 985 3293 Et
1006 3230 1074 3295 ideo
1098 3230 1172 3295 dixit
1193 3250 1273 3313 pro-

180 3338 287 3421 pheta:
304 3335 337 3423 ³)
367 3341 518 3406 Donnincs
548 3347 707 3426 regnauit,
740 3346 884 3409 decorem
908 3346 1018 3408 induit.
1064 3345 1183 3423 Deinde
1201 3345 1271 3410 aliti

151 3497 156 3508 ,
181 3453 265 3534 dicit:
284 3450 317 3537 ⁴)
351 3455 391 3518 Te
412 3456 499 3520 decet
520 3460 669 3541 hymnos,
701 3461 795 3537 deos,
815 3462 851 3548 in
874 3459 972 3535 δίοψις
1001 3460 1060 3524 hoc
1083 3465 1130 3522 est
1151 3444 1271 3524 dicere:

180 3567 343 3632 Honestum
375 3577 421 3633 est
450 3575 483 3632 ut
514 3578 543 3632 te
573 3571 742 3652 timeamus,
779 3554 815 3635 te'
841 3572 1013 3656 diligamus,
1044 3578 1075 3635 te
1103 3577 1271 3654 precemur,

180 3687 210 3743 te
225 3680 472 3759 honorificemus3
495 3683 634 3765 seriptum
650 3690 695 3746 est
711 3684 804 3747 enirn:
823 3681 854 3768 ⁵]
880 3684 993 3748 Omnia
1014 3694 1123 3749 vestro
1144 3687 1271 3751 honeste

178 3795 265 3875 dont.
311 3794 371 3861 Sed
400 3813 558 3877 possumus
586 3805 616 3860 et
641 3797 789 3863 hominem
817 3799 938 3891 timere,
972 3799 1116 3884 ddigere,
1143 3781 1271 3886 ingere,

251 4071 492 4140 mmmm
554 4073 1267 4156 mmmmmmmmrfflu

181 4156 224 4230 64,
241 4157 281 4225 2.⁸
336 4159 366 4232 5)
385 4160 409 4221 t.
428 4157 487 4222 Gor.
506 4159 549 4232 tt,
567 4159 608 4222 40.
1275 4202 1278 4209 ·
