2692 4666
513 345 557 401 tln
577 345 601 400 S.
622 342 820 399 Anonoston.
1148 352 1211 422 353

120 502 331 580 praecedentibus
358 510 493 576 iunguntur
516 509 542 559 in
560 505 600 557 W.
623 506 736 565 llonncc.
763 515 789 556 et
808 505 868 558 Bbo.
905 504 953 557 Pro
977 510 1101 580 releyotie
1124 511 1162 563 Bb
1188 522 1215 564 et
1262 512 1265 521 '

122 599 216 651 Dresd.
240 600 333 651 hebent
357 600 493 668 retinetis,
523 594 589 664 quod
612 597 672 646 itern
696 594 788 663 legitur
810 597 834 645 in
862 593 920 644 edd.
942 593 996 646 Col.
1016 604 1091 665 atque
1110 598 1212 651 Amerb.
1312 626 1315 634 .

121 685 240 740 Ceterum
259 686 310 739 vid.
330 701 394 754 quoe
413 684 445 736 de
464 684 488 734 b.
507 684 523 735 l.
543 691 694 735 monuerunt
712 683 826 734 linurini.
863 684 888 734 4.
909 687 1097 752 impertiendae
1117 686 1172 739 linc
1191 704 1214 740 c.

122 775 163 825 ed.
178 775 254 838 bled,
275 777 378 839 impert.
399 770 500 822 Amerb.
521 779 547 820 et
564 786 636 838 seqq.
654 770 712 821 edd.
743 769 771 820 ln
790 771 883 821 ceteris
902 771 986 834 codd,
1006 774 1075 823 utin
1095 773 1135 825 od.
1150 773 1215 841 Col,

121 862 235 913 secundo
255 861 328 911 liniue
347 858 421 910 verbi
440 856 537 923 syllaba
556 872 603 923 per
621 855 799 923 compendium
818 858 909 923 scripto
929 866 981 922 est,
1001 873 1051 925 qno
1070 875 1151 928 neque
1169 878 1216 930 per

122 959 148 1000 et
166 969 217 1019 par
235 949 368 1018 significari
386 945 460 997 colet.
491 944 548 996 Vid.
568 960 633 1012 queo
650 944 769 996 adnotavi
786 944 818 996 nd
834 942 852 995 Ι.
866 945 909 996 45.
929 947 954 1010 §.
968 945 1028 1011 219,
1042 945 1066 998 3.
1098 945 1216 998 Ceterum

121 1038 173 1106 leg.
192 1041 387 1108 inpertiendee.

227 1143 254 1196 P.
276 1143 334 1196 149.
1123 1192 1135 1201 .

193 1233 218 1283 2.
236 1226 408 1300 praecantum
426 1231 471 1295 Bc,
492 1232 591 1301 §cante
610 1231 649 1281 W.
669 1229 783 1294 Malene,
801 1240 956 1300 precantum
974 1231 1015 1283 ed.
1034 1231 1109 1296 lton,
1126 1231 1217 1304 {oen-

124 1325 194 1375 oium
213 1320 262 1388 ttg,
279 1322 407 1390 §cationi
426 1320 468 1371 lli.
505 1320 529 1370 3.
551 1322 677 1372 ctomobot
695 1335 733 1386 pr.
752 1317 797 1382 Bc,
816 1321 907 1371 clamet
926 1317 1037 1387 llbedlg.
1068 1320 1134 1372 Dein
1154 1325 1218 1375 bono

123 1413 257 1477 operatori
275 1408 343 1460 Bebo
363 1417 388 1460 et
406 1407 472 1473 Mod,
492 1409 551 1459 item
570 1406 629 1458 edd.
649 1405 704 1457 Col.
724 1423 754 1458 nc
773 1406 837 1458 llled.
875 1408 900 1457 5.
918 1412 1086 1475 vociferanti}
1104 1409 1144 1458 W.
1164 1408 1220 1460 blac

125 1505 150 1547 ot
169 1496 212 1548 Ba.
259 1498 282 1548 7.
301 1500 478 1566 requirendos
496 1505 536 1549 eet
557 1495 631 1547 codd.
650 1510 739 1546 omnes
764 1505 919 1564 veteresque
944 1497 1001 1548 edd.
1041 1494 1163 1549 Omittunt
1181 1506 1221 1550 eet

123 1584 221 1636 Erorm.
242 1593 267 1636 et
286 1587 451 1651 posteriores.
496 1585 521 1635 8.
546 1586 665 1652 adfectae
686 1583 744 1635 Boc.
790 1583 815 1634 9.
840 1583 889 1635 Pro
913 1597 1036 1654 personet
1055 1585 1093 1637 llo
1119 1588 1146 1639 io
1171 1600 1219 1639 roo.

123 1677 226 1743 peteret,
246 1675 314 1742 quod
334 1676 459 1741 reperitur
477 1674 553 1724 etiem
571 1674 596 1723 in
617 1672 709 1722 ceteris
728 1670 842 1724 blonncc.

196 1780 219 1844 §.
240 1780 289 1843 te,
311 1779 333 1830 1.
353 1782 480 1849 populum
499 1776 543 1829 Bc.
570 1778 614 1855 ι2.
634 1781 679 1847 qui
695 1792 743 1844 pro
763 1795 812 1845 quo
832 1776 891 1830 Boo.
930 1777 994 1831 Dein
1014 1782 1171 1835 contulerint
1189 1778 1221 1830 W

125 1909 152 1952 et
172 1900 282 1952 llonncc.
326 1902 350 1952 3.
370 1904 428 1970 ipee
446 1899 493 1966 W,
517 1858 575 1984 iped
593 1899 640 1952 lle.
684 1899 761 1951 4-5.
781 1903 849 1969 qood
867 1904 901 1954 ed
919 1919 997 1954 enam
1013 1904 1221 1971 perveniatmi-

126 2008 300 2058 eericordr'om
320 2004 370 2071 Be,
391 2023 444 2059 cue
463 1989 649 2059 misericordia
666 2007 800 2070 perveniat
819 2003 919 2071 ilbodg.
945 2001 980 2055 ’6.
1001 2023 1079 2058 enom
1096 2010 1223 2074 proficere

128 2095 291 2145 collationem
310 2091 356 2143 Bb.
392 2092 441 2144 Pro
467 2097 631 2147 collationem
651 2091 690 2143 W.
709 2091 748 2142 lta
774 2101 799 2143 et
818 2092 853 2142 Bc
878 2095 1067 2156 evellationem,
1096 2093 1132 2142 llll
1155 2111 1222 2146 con-

126 2183 298 2245 eolntionem‚
328 2180 369 2232 ed.
390 2179 444 2233 Col.
469 2187 538 2251 prof.
565 2184 728 2242 collationem
753 2198 839 2233 eonor.
882 2179 907 2230 7.
928 2190 1058 2249 tttrnnqne
1077 2181 1135 2231 edd.
1157 2180 1221 2232 bled.

126 2265 225 2319 Erotem.
245 2267 313 2320 Cost.
336 2255 424 2322 Pistor:
461 2270 540 2320 lidern
565 2269 623 2319 libri
649 2269 712 2319 inire
735 2266 750 2318 l.
772 2265 812 2316 10.
831 2270 983 2336 plerunque.
1020 2266 1081 2318 Tum
1103 2272 1225 2338 displicet

128 2353 169 2404 W.
190 2354 308 2409 linbcdel
330 2366 355 2408 et
375 2358 458 2423 Bebc,
485 2363 538 2413 etii
561 2360 684 2427 displicet
703 2355 751 2423 lig.
797 2356 821 2406 9.
839 2358 941 2408 recedat
958 2360 1079 2410 eoocnlie
1099 2356 1145 2420 W,
1171 2374 1221 2410 re-

128 2445 221 2496 condet
239 2448 368 2500 caeculus
387 2446 427 2497 ed.
439 2445 495 2497 Col.
533 2444 568 2496 lto
588 2460 625 2512 pr.
646 2445 719 2494 etiem
737 2441 783 2505 llo,
803 2440 861 2491 dein
878 2443 981 2494 recond.
1001 2446 1134 2507 enecatos,
1153 2442 1221 2511 quod

129 2532 210 2582 ceteri
227 2548 330 2602 quoque
349 2534 462 2585 lllonocc.
482 2532 583 2584 babent.
628 2532 668 2583 10.
694 2533 854 2583 adhibendae
878 2532 982 2582 videtur
1005 2532 1099 2583 medor
1119 2529 1159 2580 W.
1179 2529 1222 2582 Bc.

128 2614 186 2689 ligr,
212 2623 374 2675 adhibendos
393 2637 406 2672 e
427 2638 459 2672 ni.
477 2637 516 2688 pr.
536 2622 612 2671 etiem
632 2619 685 2683 tta,
705 2618 847 2685 eodemque
865 2617 941 2668 lectio
961 2626 1078 2684 corrupta
1095 2621 1224 2685 invenitor

128 2704 154 2753 in
175 2703 247 2755 blbnd
267 2716 292 2757 ot
311 2706 357 2773 Bb,
378 2709 420 2776 qui
440 2716 498 2760 onte
516 2711 610 2761 modos
630 2715 724 2775 puncto
744 2705 908 2773 distinguunt.
944 2704 982 2755 De
1002 2721 1030 2756 re
1048 2706 1099 2757 vid.
1115 2708 1171 2761 Cic.
1191 2706 1223 2756 de

129 2790 197 2842 ollio.
217 2790 246 2843 ll.
266 2794 307 2845 15.
327 2798 351 2860 §.
371 2796 412 2846 54.
451 2795 491 2847 11.
512 2799 572 2849 tene
589 2800 660 2865 focio
680 2795 819 2845 disiunctini
839 2793 958 2844 llebcdei
975 2801 1000 2843 et
1019 2791 1083 2858 Boc,
1101 2794 1161 2845 item
1181 2792 1223 2844 ed.

129 2876 194 2929 bled.
232 2878 298 2930 Dein
322 2886 416 2936 cotidie
435 2881 486 2947 Be,
515 2887 619 2936 cottidie
643 2882 717 2934 codd.
742 2881 811 2945 rell,
839 2884 952 2950 qnotidie
974 2881 1043 2949 vulg.
1089 2879 1112 2932 3.
1132 2881 1163 2932 ab
1182 2882 1224 2932 irn.

129 2973 225 3036 operot’
246 2968 284 3019 W.
321 2968 384 3021 v0c.
403 2977 515 3042 pecunie
533 2987 583 3022 om.
604 2971 650 3023 Bb.
688 2973 713 3024 1..
735 2989 789 3039 seq.
810 2975 905 3024 Oroete
925 2971 963 3022 W.

201 3057 225 3121 S·
240 3055 283 3120 79,
303 3057 326 3108 1.
346 3070 413 3113 totae
433 3063 535 3126 (omnes
552 3060 606 3123 lte)
627 3078 690 3130 opes
710 3063 817 3130 Acyypti
836 3059 873 3109 W.
894 3057 1007 3110 blonecc.
1028 3068 1053 3111 ct
1071 3057 1108 3110 Bb
1128 3058 1224 3109 editio-

130 3157 228 3210 nesqne
253 3145 355 3196 Amerb.
379 3146 476 3198 Erasm.
502 3147 570 3199 Cort.
597 3148 687 3200 Pistor.
707 3147 796 3210 Rom.‚
824 3157 867 3201 tot.
889 3151 996 3217 Aeyypti
1013 3165 1075 3217 opee
1099 3147 1175 3199 codd.
1201 3154 1227 3197 et

131 3228 192 3281 edd.
212 3230 267 3281 rell.
304 3232 329 3282 5.
349 3252 414 3302 quoe
433 3238 576 3289 abundaret
593 3234 638 3288 Bc.
675 3234 744 3287 Fort.
764 3255 822 3306 qno.
854 3234 858 3243 '

129 3334 132 3340 ’
236 3334 263 3387 P.
284 3337 341 3389 150.

203 3427 227 3489 §.
244 3425 287 3491 80,
309 3426 331 3479 1.
351 3432 437 3499 primo
457 3430 532 3481 codd.
553 3439 578 3485 et
597 3430 656 3482 edd.
677 3427 731 3481 Col.
751 3437 826 3497 atque
846 3428 913 3480 bled.
950 3430 974 3481 2.
994 3433 1027 3484 od
1043 3434 1178 3501 poete-eme
1196 3429 1228 3480 W

133 3519 160 3562 et
177 3512 272 3581 vulgati
290 3514 358 3581 libri,
378 3519 439 3568 item
456 3533 493 3584 pr.
513 3518 561 3583 lile,
580 3527 670 3587 posteo
689 3529 716 3571 et
732 3528 879 3588 postremo,
899 3517 965 3585 qnod
984 3522 1108 3586 reperitur
1126 3534 1227 3588 quoque

133 3636 159 3685 in
180 3633 293 3705 llbdelg‚
313 3657 344 3692 oc
362 3650 495 3710 postremo
514 3641 591 3692 babet
610 3640 657 3692 lllc.
694 3641 718 3693 3.
736 3599 847 3724 peritior}
864 3640 912 3692 blo.
950 3638 1022 3693 Coni.
1037 3644 1091 3696 Cic.
1111 3643 1143 3694 de
1161 3642 1228 3696 ollio.

133 3738 164 3792 ll.
184 3741 225 3794 21.
245 3744 318 3808 §.72
337 3753 363 3796 et
382 3746 423 3796 74.
460 3747 485 3796 4.
503 3751 609 3816 possint
628 3746 666 3798 W.
686 3746 722 3798 Bc
741 3753 849 3798 etorn.
870 3764 908 3815 pr.
927 3747 974 3799 dle.
1012 3749 1036 3799 5.
1055 3758 1160 3818 yrotrcm
1176 3750 1231 3816 soit
1318 3729 1321 3737 Ι

134 3825 182 3879 Bb.
219 3831 244 3880 9.
264 3843 420 3902 acceperant
439 3834 483 3886 Bo.
520 3833 578 3886 Mox
596 3839 777 3904 adquinieront
795 3833 855 3886 Bao.
876 3835 953 3886 blnur.
973 3836 1049 3902 Gilb.‚
1071 3840 1228 3906 unquamne

134 3929 196 3971 rotet
214 3918 255 3987 W,
274 3925 455 3991 oequioieront
474 3924 550 3975 codd.
571 3933 597 3975 et
616 3925 675 3976 edd.
695 3924 750 3976 roll.

207 4029 230 4092 §.
249 4027 298 4092 81,
326 4027 347 4078 1.
375 4031 397 4082 0
424 4033 513 4084 einum
540 4031 677 4100 moenem]
706 4027 780 4081 Conl.
808 4034 863 4085 Cic.
891 4031 924 4083 de
951 4031 995 4082 off.
1021 4030 1052 4082 ll.
1077 4029 1118 4082 23.
1145 4032 1169 4094 §.
1188 4029 1230 4080 83.

136 4113 161 4163 5.
180 4118 248 4166 enirn
266 4130 315 4166 om.
335 4113 380 4167 Bb.
424 4118 448 4169 6.
475 4121 542 4169 Ante
567 4123 626 4173 iore
650 4120 723 4171 obest
747 4122 778 4173 de
803 4118 834 4170 ob
854 4121 945 4171 eodem
965 4119 1039 4170 libro.
1076 4117 1163 4170 Statim
1183 4131 1231 4184 pro

136 4205 296 4257 conlationie
319 4201 356 4255 Bc
382 4203 424 4257 det
449 4209 649 4262 conectetionie.
694 4206 719 4261 7.
742 4212 922 4278 prospieotior
939 4207 980 4260 W.
1025 4208 1050 4261 8.
1071 4216 1162 4279 posteo
1180 4219 1230 4256 om.

182 4312 344 4362 Auoeosrns.
983 4295 1024 4364 23
