2692 4666
313 341 359 398 BE
377 339 514 398 uuulcus
531 339 754 396 utulsuttouuu
772 338 905 395 ttButtt
1110 341 1153 406 97

418 538 587 607 CAPUT
615 537 791 606 XXXVII.

60 699 218 757 Servandum
238 711 266 755 ut
282 705 309 757 in
325 706 471 774 prosperis,
493 706 571 759 itaet
590 707 614 757 in
634 706 746 758 adversis
765 703 857 756 mentis
875 700 1067 771 aequalitatem
1088 699 1154 753 mala

404 801 490 845 tamen
508 794 635 846 interdum
654 791 810 846 declinanda.

155 951 226 1020 186.
270 954 313 1018 Ea
335 960 382 1019 est
404 954 490 1018 etiam
513 973 590 1036 quae
614 954 719 1018 dicitur
741 953 872 1018 vacuitas
893 952 981 1016 animi
999 952 1036 1014 ab
1056 968 1155 1033 ango-

60 1069 164 1149 ribus,
196 1075 228 1133 ut
249 1087 348 1150 neque
370 1069 401 1133 in
424 1068 577 1135 doloribus
600 1069 750 1134 molliores
776 1069 885 1149 simus,
907 1085 1006 1148 neque
1029 1066 1059 1129 in
1080 1083 1156 1148 pro-

63 1183 162 1264 speris
179 1182 329 1247 elatiores.
368 1184 456 1259 Quod
471 1184 497 1248 si
512 1185 552 1263 hi,
576 1183 627 1264 qui
642 1183 679 1247 ad
698 1182 911 1265 capessendam
927 1199 990 1244 rem
1011 1180 1157 1263 publicam

61 1295 257 1360 adhortantur
277 1297 411 1380 aliquos,
441 1298 517 1360 haec
537 1303 698 1380 praecepta
720 1296 811 1376 dant,
842 1301 952 1377 quanto
974 1294 1068 1378 magis
1090 1311 1157 1374 nos,

62 1410 116 1491 qui
137 1409 174 1474 ad
199 1409 328 1475 cilicium
350 1412 499 1476 ecclesiae
519 1430 680 1492 vocamur,
703 1412 770 1475 talia
793 1410 935 1474 debemus
952 1427 1059 1492 agere,
1081 1426 1159 1490 quae

62 1524 201 1607 placeant
231 1523 307 1606 deo,
337 1532 370 1589 ut
398 1525 574 1608 praetendat
606 1529 636 1589 in
667 1526 754 1589 nobis
783 1527 877 1588 virtus
908 1522 1031 1602 Christi,
1060 1529 1090 1585 et
1119 1522 1159 1585 ita
1261 1506 1263 1510 ’

62 1637 158 1701 simus
179 1645 285 1701 nostro
307 1637 426 1720 probati
454 1637 643 1719 imperatori,
675 1644 708 1701 ut
729 1638 862 1702 membra
883 1643 986 1701 nostra
1007 1655 1087 1701 arma
1108 1636 1159 1699 iu-

62 1751 164 1817 stitiae
187 1752 260 1833 sint,
292 1771 374 1816 arma
397 1771 458 1817 non
481 1739 629 1833 carnalia,
661 1753 692 1815 in
723 1753 830 1836 quibus
859 1760 1013 1837 peccatum
1040 1759 1159 1837 regnet,

65 1866 123 1931 sed
153 1886 234 1931 amna
262 1866 351 1933 iortia
374 1867 450 1949 deo,
482 1869 588 1950 quibus
618 1877 772 1951 peccatum
804 1869 990 1947 destruatur,
1019 1868 1161 1932 moriatur

65 1999 139 2046 caro
162 1988 282 2063 nostra,
305 1984 389 2046 utin
412 2002 448 2047 ea
471 1985 566 2046 omnis
590 1983 675 2064 culpa
696 1983 838 2046 morietur
858 1990 888 2045 et
907 1983 992 2063 quasi
1014 2000 1053 2046 ex
1075 1999 1160 2047 mor-

65 2094 126 2158 tuis
149 2096 284 2160 viventes
307 2095 394 2160 novis
416 2113 610 2179 resurgemus
633 2097 775 2178 operibus
798 2114 833 2157 ac
854 2096 994 2159 moribus.

159 2206 230 2273 187.
272 2211 353 2274 Hcec
376 2217 446 2274 sunt
466 2211 555 2292 plenu
577 2211 696 2274 honesti
719 2217 749 2274 et
772 2209 875 2273 decori
897 2209 987 2273 oflicii
1015 2209 1161 2293 stipendia

67 2323 258 2388 fortitudinis.
303 2325 363 2391 Sed
387 2325 456 2407 quia
479 2327 509 2388 in
533 2325 686 2406 omnibus,
716 2344 793 2408 quae
819 2325 951 2409 agimus,
983 2341 1044 2387 non
1066 2325 1162 2388 solum

71 2438 144 2520 quid
166 2438 340 2520 honestum,
359 2439 428 2503 'sed
461 2441 549 2505 ctiam
579 2439 649 2522 quid
677 2440 819 2522 possibile
841 2440 879 2503 sit
908 2439 1093 2521 quaerimus,
1123 2458 1163 2502 ne

70 2553 151 2618 forte
173 2553 382 2638 adgrediamur
404 2553 527 2635 aliquid,
551 2554 631 2636 quod
653 2573 714 2618 non
734 2555 882 2636 possimus
905 2551 1039 2633 exsequi.
1077 2550 1161 2614 Unde

69 2686 128 2732 nos
149 2675 285 2752 tempore
310 2669 527 2751 persecutionis
551 2667 588 2732 de
611 2669 730 2732 civitate
752 2669 782 2731 in
806 2668 953 2731 civitatem
983 2666 1161 2748 concedere,

69 2781 176 2861 immo,
198 2787 231 2844 ut
245 2781 339 2844 verbo
355 2780 422 2862 ipso
445 2787 527 2859 utar,
547 2779 657 2862 supere
680 2781 744 2844 vult
767 2780 916 2859 dominus,
934 2777 965 2863 ¹)
988 2797 1027 2842 ne
1049 2786 1161 2845 temere

69 2893 194 2976 aliquis,
223 2894 292 2957 dum
314 2894 447 2975 martyrii
479 2892 629 2957 desiderat
656 2894 798 2977 gloriam,
828 2892 934 2957 offerat
955 2910 990 2956 se
1012 2894 1161 2974 periculis,

70 3022 149 3086 quaa
176 3004 307 3070 fortasse
336 3021 407 3068 caro
437 3003 580 3068 infirmior
610 3011 661 3067 aut
689 3006 844 3069 remissior
874 3006 988 3070 animus
1018 3006 1100 3071 ferre
1126 3026 1162 3071 ac

70 3116 203 3184 tolerare
225 3136 287 3184 non
309 3124 406 3202 queat.

419 3394 589 3462 CAPUT
621 3396 814 3463 XXXVHI.

69 3559 202 3615 Adversus
222 3560 305 3613 futura
322 3558 482 3612 incommoda
501 3568 611 3613 mentem
629 3557 809 3614 exercitatione
836 3559 1017 3628 roborandum,
1043 3577 1093 3615 nec
1110 3577 1160 3615 non

153 3647 349 3702 confirmandam
367 3647 559 3717 praeuidentia3
580 3657 606 3702 et
624 3664 689 3719 quae
707 3647 748 3699 hic
768 3649 896 3700 incurrant
915 3646 1079 3702 difficultates.

162 3806 234 3874 188.
278 3809 342 3873 Νοο
364 3826 469 3873 rursus
498 3815 622 3889 propter
650 3809 799 3891 ignaviam
828 3809 937 3873 cedere
958 3807 1023 3891 quis
1046 3825 1080 3871 ac
1103 3806 1160 3885 de-

69 3940 177 3990 serere
199 3923 287 3989 tidem
314 3923 405 3988 dehet
434 3929 515 3988 metu
544 3921 678 4005 periculi.
722 3922 787 3997 Qua
815 3922 911 4008 gratia
941 3921 1161 4005 praeparandus

143 4172 172 4246 1)
192 4172 277 4229 llattln
296 4173 338 4242 10,
350 4173 398 4251 as.

123 4270 285 4325 Amoenus
