2692 4666
319 347 364 401 DE
383 346 519 402 OFFlCllS
538 346 760 401 lllNlSTliOllUll
777 347 873 402 LIBER
891 348 921 402 ll.
1109 353 1170 418 133

75 509 216 591 pietatem
238 508 434 592 adquirimus,
458 528 535 591 quae
557 508 634 592 apud
657 508 744 572 deum
767 510 851 573 dives
873 520 936 591 est,
969 529 1028 574 non
1052 510 1170 575 caducis

76 621 280 706 facrdtatibus,
311 624 365 688 sed
387 625 559 688 muneribus
581 625 727 704 aeternis,
753 625 782 686 in
806 628 912 707 quibus
935 645 994 690 non
1018 627 1169 706 temptatio

76 738 208 818 lubrica,
230 738 284 802 sed
307 746 446 804 constans
471 747 500 802 et
522 745 666 822 perpetua
688 740 725 802 sit
748 741 851 822 gratia

164 850 214 918 27.
259 853 313 917 Est
335 873 409 938 ergo
433 856 543 918 utilitas
565 856 621 917 alia
645 856 823 937 corporalis,
854 855 910 919 alia
933 855 1064 937 pietatis,
1095 855 1171 918 sicut

77 965 175 1029 divisit
198 968 363 1050 apostolus:
383 967 413 1053 ¹)
438 969 623 1050 corporatis
642 971 721 1031 enim
743 971 928 1032 coercitatio
949 971 991 1031 od
1005 970 1168 1046 modicum,

77 1081 189 1163 inquit,
220 1083 306 1144 utilis
329 1092 393 1161 est,
421 1086 524 1165 pictos
555 1092 656 1146 actem
686 1086 729 1146 od
760 1086 864 1147 omnia
886 1093 931 1146 eat
952 1085 1047 1145 utilis.
1093 1082 1169 1157 Quid

78 1203 176 1259 autem
199 1203 257 1258 tam
279 1196 457 1275 honestum,
490 1215 576 1276 quam
598 1196 780 1279 integritas?
826 1195 902 1271 Quid
931 1203 989 1259 tam
1019 1196 1170 1275 decorum,

78 1329 165 1392 quam
188 1311 391 1374 inmaculatum
414 1329 538 1374 servare
562 1330 681 1393 corpus,
705 1318 734 1373 et
755 1312 924 1374 inviolatum
946 1318 1033 1390 atque
1049 1310 1169 1372 intami-

76 1429 176 1486 natum
204 1423 374 1504 pudorem?
419 1423 495 1497 Ouid
527 1424 613 1486 etiam
642 1431 699 1486 tam
730 1423 888 1503 decorum,
919 1442 1004 1504 quam
1027 1429 1059 1486 ut
1081 1422 1168 1485 vidua

78 1556 155 1601 uxor
179 1536 318 1600 defuncto
343 1538 463 1619 coniugi
486 1536 572 1598 tidem
598 1538 728 1599 servet?
773 1536 849 1611 Ouid
873 1537 958 1598 etiam
981 1536 1038 1599 lroc
1060 1536 1168 1614 utilius,

79 1669 137 1733 quo
161 1669 286 1734 regnum
309 1651 439 1714 caeleste
461 1649 649 1730 adquiritur?
695 1649 772 1712 Sunt
794 1647 827 1733 Ἰ)
857 1651 934 1712 enim
966 1650 1019 1730 qui
1049 1669 1082 1711 se
1113 1669 1167 1713 ca-

77 1773 258 1828 straverant
278 1774 408 1845 propter
431 1785 558 1847 requam
582 1767 744 1828 coelorum.

484 1988 653 2055 CAPUT
690 1989 765 2056 VII.

78 2158 214 2210 Utilitatem
227 2158 293 2208 idem
306 2173 363 2209 esse
376 2165 451 2225 atque
464 2155 637 2219 honestatem3
655 2155 716 2206 nihil
734 2165 817 2208 autem
837 2157 920 2210 utilius
937 2159 1083 2226 dilectione,
1103 2178 1167 2230 quae

76 2228 284 2311 mansuetudine,
309 2245 472 2309 affabilitate,
498 2244 680 2310 beneficentia,
705 2246 800 2297 iustitia
823 2245 929 2314 aliisque
950 2248 1083 2299 virtutihus
1101 2264 1166 2299 con-

75 2342 195 2402 paratur,
217 2335 427 2402 quemadmodum
447 2349 478 2384 ex
499 2333 592 2400 Moysis
610 2342 686 2402 atque
704 2334 808 2387 Davidis
825 2335 929 2386 historia
949 2337 1020 2388 datur
1037 2337 1166 2406 intellegi3
1216 2325 1218 2327 ¹

122 2430 252 2489 postremo
272 2431 298 2473 et
318 2440 333 2474 e
352 2423 487 2475 dilectione
505 2423 580 2474 fidem
599 2424 677 2487 nasei,
697 2431 723 2474 et
741 2440 825 2476 rursus
845 2440 859 2475 e
878 2423 927 2474 lide
946 2424 1117 2477 dilectionem.

165 2567 214 2632 28.
259 2567 313 2630 Est
335 2567 424 2651 igitur
446 2586 507 2630 non
530 2566 626 2630 solum
649 2565 791 2629 familiare
814 2566 1039 2630 contubernium
1063 2568 1163 2631 hone-

76 2682 159 2746 statis
182 2688 212 2743 et
233 2681 381 2761 utilitatis,
414 2681 467 2744 sed
491 2681 595 2744 eadem
618 2699 737 2762 quoque
760 2682 884 2760 utilitaS,
915 2699 992 2761 quae
1014 2681 1165 2744 honestas.

74 2795 147 2859 Ideo
171 2795 289 2875 atille,
321 2797 371 2876 qui
393 2815 518 2880 regnum
542 2797 691 2859 caelorum
724 2796 844 2859 volebat
874 2796 1009 2858 omnibus
1039 2797 1166 2878 aperire,

75 2929 138 2974 non
160 2910 239 2991 quod
263 2911 318 2972 sibi
340 2911 420 2990 utile,
444 2912 614 2991 quaerebat,
638 2911 692 2974 sed
712 2911 790 2993 quod
808 2912 951 2974 omnibus.
989 2911 1074 2973 Unde
1091 2910 1166 2974 ordo

76 3023 195 3106 quidam
216 3025 303 3088 nobis
327 3031 356 3087 et
377 3024 488 3109 gradus
512 3025 664 3090 faciendus
688 3034 733 3090 est
756 3027 840 3089 etiam
864 3025 968 3088 abhis
992 3025 1105 3087 usitatis
1137 3032 1167 3087 et

77 3138 280 3201 communibus
304 3136 340 3199 ad
364 3155 415 3217 ea,
446 3157 523 3218 quae
553 3144 622 3200 sunt
650 3139 876 3220 praecellentia,
907 3147 939 3202 ut
968 3159 1006 3202 ex
1034 3140 1166 3221 pluribus
1272 3132 1278 3145 “

75 3251 208 3316 utilitatis
230 3251 404 3336 colligamus
428 3251 604 3335 proiectum.

164 3360 215 3430 29.
259 3364 305 3428 Ac
327 3367 451 3446 primum
473 3366 642 3428 noverimus
665 3365 737 3429 nihil
759 3372 816 3427 tam
838 3365 928 3446 utile,
958 3385 1043 3447 quam
1067 3366 1166 3449 diligi3

75 3480 148 3544 nihil
170 3487 227 3542 tam
250 3480 368 3561 inutile,
402 3501 488 3562 quam
510 3501 571 3546 noo
594 3481 682 3544 amari
690 3503 699 3558 ;
734 3500 801 3543 nam
824 3481 893 3545 odio
917 3482 1019 3545 haberi
1049 3482 1167 3545 exitiale

76 3615 113 3659 ac
135 3596 221 3658 nimis
244 3595 367 3678 capitale
389 3598 524 3660 arbitror.
564 3597 665 3678 ltaque
688 3597 715 3659 id
740 3614 872 3680 agamus,
894 3602 927 3659 ut
950 3597 1028 3659 omni
1050 3596 1167 3658 seduli-

75 3716 136 3774 tate
167 3711 406 3775 commendemus
436 3712 682 3775 existimationem
713 3713 940 3794 opinionemque
972 3718 1102 3774 nostram
1132 3729 1167 3774 ao

76 3827 202 3910 primum
231 3827 398 3909 placiditate
429 3813 533 3890 mentis
565 3835 595 3889 et
626 3829 712 3891 animi
743 3827 925 3910 benignitate
954 3825 1107 3888 influamus
1138 3827 1168 3889 io

77 3941 214 4006 allectum
237 3941 394 4006 hominum.
439 3942 590 4025 Popularis
613 3943 691 4006 enim
713 3949 743 4006 et
764 3948 847 4026 grata
871 3947 916 4004 est
941 3941 1075 4003 omnibus
1106 3942 1166 4006 bo-

149 4185 177 4250 ι)
197 4183 294 4240 nrm.
313 4186 339 4254 4,
357 4185 382 4238 a.
454 4187 482 4253 2)
502 4185 586 4239 uarii.
608 4184 650 4252 19,
673 4183 712 4238 12.
