2670 4664
185 308 248 373 144
629 302 654 356 s.
674 299 828 355 nuonosn

183 465 371 530 tumeliosum
399 481 461 528 non
491 464 584 548 fugiat
614 470 643 527 et
672 463 709 525 ad
740 461 906 526 nocendum
937 469 1085 544 paratum3
1119 461 1185 543 quis
1216 476 1277 523 non

184 599 251 644 eum
276 580 354 644 omni
375 579 474 642 studio
497 578 652 642 declinet?

272 693 322 759 61.
368 694 439 768 Quis
473 712 547 758 vero
582 694 723 776 quamvis,
748 692 921 755 instructum
956 692 992 755 ad
1028 691 1144 755 consilii
1178 708 1278 772 opem,

186 808 331 872 difficilem
354 815 450 871 tamen
472 826 612 888 accessu,
636 808 758 887 ambiat,
780 807 812 877 in
834 824 893 888 quo
917 807 955 869 sit
977 805 1057 886 illud,
1080 812 1230 886 tamquam
1252 807 1280 869 si

186 924 236 1005 qui
265 941 359 1004 aquae
394 922 506 986 iontem
539 921 737 1007 praecludat?
788 922 865 996 Ouid
898 921 975 982 enim
1009 919 1132 1001 prodest
1165 919 1279 982 habere

186 1035 372 1116 sapientiam,
406 1035 432 1097 si
464 1036 618 1098 consilium
651 1032 774 1116 neges?
826 1033 858 1096 Si
890 1033 1066 1096 consulendi
1096 1032 1279 1097 intercludas

186 1149 310 1230 copiam,
334 1147 464 1210 clausisti
485 1148 608 1228 fontem,
631 1154 662 1210 ut
685 1165 741 1210 nec
764 1146 827 1209 aliis
850 1146 962 1226 influat,
984 1165 1041 1209 nec
1063 1147 1114 1209 tibi
1136 1147 1243 1228 prosit

273 1261 323 1328 62.
368 1261 494 1325 Pulchre
516 1269 612 1327 autem
636 1269 665 1325 et
688 1262 726 1326 de
748 1262 798 1326 illo
823 1262 970 1341 convenit,
993 1261 1044 1344 qui
1067 1262 1181 1324 habens
1202 1277 1280 1341 pru-

188 1376 314 1440 dentiam
344 1374 535 1438 commacrdat
563 1394 628 1437 eam
657 1374 795 1437 vitiorum
823 1372 979 1454 sordibus,
1011 1372 1154 1456 eoquod
1183 1390 1280 1455 aquae

188 1492 298 1556 exitum
322 1491 508 1554 contaminet.
552 1466 729 1573 Degeneres
752 1489 864 1552 animos
888 1489 947 1550 vita
971 1489 1076 1570 arguit.
1120 1485 1280 1562 Quomodo

188 1605 265 1668 enim
294 1622 360 1665 eum
391 1609 476 1684 potes
502 1602 633 1666 iudicare
663 1603 788 1666 consilio
820 1603 1024 1684 superiorem,
1058 1620 1145 1682 quem
1176 1601 1279 1664 videas

188 1715 361 1778 inferiorem
384 1715 543 1779 moribus?
580 1715 675 1796 Supra
697 1734 744 1777 me
765 1715 853 1779 debet
868 1733 947 1795 csse,
970 1716 1017 1805 cui
1032 1735 1079 1778 me
1095 1717 1280 1779 committere

188 1847 271 1912 paro.
315 1829 364 1891 An
385 1846 459 1890 vero
483 1825 622 1889 idoneum
645 1828 852 1910 computabo,
878 1829 928 1909 qui
950 1829 1020 1891 mihi
1043 1828 1092 1892 det
1114 1827 1280 1906 consilium,

190 1942 270 2026 quod
291 1961 352 2005 non
376 1941 425 2004 det
447 1941 518 2022 sibi,
543 1941 663 2004 etmihi
687 1958 753 2003 eum
776 1960 884 2004 vacare
908 1942 1042 2022 credam,
1065 1944 1116 2023 qui
1138 1943 1194 2006 sibi
1218 1961 1281 2007 non

189 2064 285 2137 vacet,
308 2057 392 2121 cuius
416 2055 541 2118 animum
563 2055 730 2137 voluptates
749 2063 906 2136 occupent,
928 2056 1018 2120 libido
1034 2059 1181 2138 devincat,
1204 2076 1281 2121 aua-

190 2172 256 2234 ritia
277 2170 432 2252 subiugat,
463 2170 606 2252 cupiditas
628 2171 800 2252 perturbet,
824 2173 934 2253 quatiat
955 2174 1077 2236 metus?
1122 2171 1281 2246 Quomodo

190 2285 239 2347 hic
261 2284 378 2347 consilii
399 2284 494 2362 locus,
516 2283 566 2345 ubi
588 2283 686 2345 nullus
709 2283 824 2363 quieti?

279 2395 330 2462 63.
365 2396 563 2460 Admirandus
581 2396 650 2458 mibi
666 2402 695 2458 et
710 2397 915 2478 suspiciendus
930 2397 1124 2477 consdiarius,
1138 2395 1169 2483 ¹)
1193 2417 1282 2480 quem

192 2512 336 2595 propitius
360 2511 494 2575 dominus
516 2511 647 2592 patribus
671 2509 759 2590 dedit,
782 2511 913 2574 offensus
936 2512 1063 2574 abstulit.
1099 2513 1192 2575 Huius
1210 2512 1282 2595 imi-

192 2631 270 2688 tator
292 2624 379 2689 debet
402 2641 470 2689 esse
493 2624 542 2705 qui
564 2629 662 2705 potest
685 2625 838 2688 consilium
861 2625 933 2688 dare
956 2632 987 2689 et
1007 2626 1132 2689 alienam
1163 2646 1181 2690 a
1201 2627 1282 2690 vitiis

193 2738 344 2804 custodire
361 2740 557 2821 prudentiam,
580 2741 717 2822 quoniam
732 2742 802 2805 nibil
818 2742 998 2824 inquinatum
1013 2742 1044 2805 in
1058 2741 1134 2805 illam
1148 2742 1282 2822 iucurrit

590 2937 758 3006 CAPUT
793 2940 886 3006 XIII.

194 3085 328 3140 Declarata
346 3085 437 3140 divinis
454 3088 602 3142 testimoniis
620 3090 758 3156 sapientiae
783 3089 968 3158 pulchritudine
992 3093 1025 3144 ad
1047 3093 1204 3162 probandam
1229 3095 1284 3148 eius

407 3190 463 3227 cum
481 3175 612 3230 virtutibus
631 3176 687 3229 aliis
705 3178 853 3230 societatem
871 3180 959 3232 transit
978 3182 1068 3233 oratio.

283 3303 333 3371 64.
370 3308 443 3382 Quis
465 3309 553 3393 igitur
576 3317 719 3392 tamquam
741 3312 822 3374 vultu
841 3313 970 3395 speciem
985 3314 1133 3396 praeierat
1147 3313 1284 3397 pulchri-

195 3417 305 3485 tudinis
335 3427 365 3485 et
391 3421 517 3486 beluinis
547 3425 762 3507 posterioribus
792 3444 827 3488 ac
856 3426 959 3490 ierinis
991 3428 1139 3510 unguibus
1168 3427 1285 3492 formae

196 3534 357 3617 superioris
381 3535 557 3603 dehonestet
577 3539 718 3623 gratiam,
751 3557 815 3603 cum
837 3547 896 3603 tam
926 3541 1102 3607 admirabilis
1131 3551 1162 3607 ct
1190 3562 1285 3628 prac-

197 3647 277 3711 clara
305 3647 400 3714 forma
429 3652 566 3715 virtutum
593 3653 631 3715 sit
659 3659 689 3714 et
712 3653 881 3736 specialiter
902 3652 1088 3735 pulchritudo
1111 3655 1286 3738 sapientiae,

197 3761 274 3825 sicut
295 3763 391 3826 series
414 3765 578 3848 scripturae
600 3764 716 3828 indicat.
761 3768 814 3831 Est
836 3769 913 3831 enim
928 3768 1011 3835 haec
1032 3768 1198 3852 speciosior
1219 3769 1287 3833 sole

100 3932 103 3946 ,
144 3856 149 3891 ³
199 3882 229 3940 et
258 3892 349 3959 super
380 3895 497 3942 omnem
526 3878 675 3942 stellarum
706 3877 927 3961 dispositionem
958 3881 1016 3945 luci
1045 3887 1205 3963 conparata
1235 3881 1287 3945 in-

200 4026 405 4041 ..ὴ-ι-

269 4118 297 4186 1)
315 4118 398 4175 llesai.
416 4119 442 4187 3,
460 4118 485 4174 3.
