2692 4666
376 370 422 424 DE
442 365 579 425 omens
596 363 819 420 llllllSl'IlORUbl
836 361 933 417 LIBER
949 361 969 418 L
1170 363 1208 428 51

122 531 234 596 ferreis
266 540 318 597 aut
347 537 481 619 gravium
515 534 666 597 valvarum
699 531 851 610 obicibus,
883 528 1038 610 quominus
1069 530 1214 607 penetret,

121 647 287 729 inpeditur,
320 649 471 730 quomodo
500 666 562 711 nou
590 653 690 730 potest
719 643 919 727 intellegibilis
942 641 990 704 dei
1018 638 1160 722 splendor
1183 639 1214 701 in

124 761 324 844 cogitationes
346 761 495 824 bominum
519 767 549 824 et
571 758 662 822 corda
685 764 797 837 semet,
825 775 901 837 quae
924 758 988 838 ipse
1012 756 1142 834 creavit,
1164 753 1215 816 in·

120 893 246 956 serere,
272 874 327 940 sed
351 894 403 957 ea,
433 895 511 959 quae
533 876 598 958 ipse
621 874 708 956 iecit,
738 893 799 938 non
824 872 905 936 videt
927 879 957 936 et
978 872 1064 952 iecit,
1093 878 1126 934 ut
1148 890 1215 934 me-

121 987 197 1052 liora
230 989 289 1053 siut
321 1007 397 1070 quae
427 987 504 1050 lucta
535 994 604 1052 suut
627 995 658 1051 et
678 983 863 1070 potentiora,
897 1005 984 1067 quam
1010 987 1074 1068 ipse
1098 987 1217 1068 estqui

122 1121 158 1165 ea
176 1099 258 1182 iecit,
280 1109 312 1166 ut
333 1105 457 1185 possint,
480 1102 599 1186 quaudo
621 1103 734 1182 uolunt,
759 1101 959 1185 cognitionem
983 1102 1029 1163 sui
1052 1101 1217 1182 operatoris

121 1216 242 1280 latere?
286 1218 407 1281 Tantam
431 1237 507 1301 ergo
528 1219 665 1281 virtutem
682 1224 711 1279 et
726 1222 902 1298 potestatem
924 1216 1049 1279 inseruit
1071 1215 1217 1278 mentibus

122 1333 249 1411 uostris,
271 1337 303 1394 ut
326 1349 392 1394 eam
414 1330 661 1413 conprehendere
684 1348 751 1392 cum
773 1329 859 1408 velit,
882 1329 947 1410 ipse
970 1345 1031 1390 uon
1053 1325 1173 1408 possit?

527 1600 707 1668 curor
743 1599 820 1666 xv.
864 1568 870 1576 ’

124 1765 223 1830 Quibus
240 1766 359 1835 displicet
376 1767 444 1837 quod
460 1768 534 1819 bonis
552 1768 619 1819 male
638 1777 665 1820 et
682 1766 753 1819 malis
772 1766 839 1817 bene
858 1768 904 1831 sit,
934 1768 970 1821 eis
990 1768 1076 1821 lazari
1102 1765 1219 1838 exemplo

125 1864 152 1907 et
169 1853 240 1906 Pauli
266 1856 414 1908 auctoritate
441 1856 583 1908 ostenditur
600 1864 659 1925 post
683 1857 759 1909 vitam
782 1869 879 1923 poenas
897 1871 928 1906 ac
945 1859 1058 1923 praemia
1085 1859 1219 1911 reseruari.

213 2014 264 2080 57.
308 2017 375 2079 Duo
402 2016 582 2080 absolvimus
606 2023 654 2096 et,
685 2024 716 2080 ut
739 2018 931 2097 arbitramur,
962 2036 1025 2080 non
1055 2019 1221 2102 incongrue

126 2130 216 2194 uobis
237 2130 405 2194 huiusmodi
426 2129 535 2193 cecidit
558 2110 724 2214 disputatio.
769 2132 901 2194 'lertium
920 2151 1016 2216 genus
1039 2133 1221 2213 quaestionis

127 2244 245 2308 residet
265 2243 451 2324 huiusmodi,
473 2263 528 2307 cur
548 2253 725 2327 peccatores
748 2245 899 2310 abundent
920 2248 1025 2329 opibus
1049 2252 1079 2309 et
1102 2247 1221 2327 diuitiis,

128 2360 287 2442 epulentur
308 2360 427 2442 iugiter,
450 2359 515 2422 sine
538 2378 685 2439 maerore,
708 2360 774 2423 siue
788 2360 886 2438 luctu3
909 2361 978 2423 iusti
1000 2367 1097 2423 autem
1113 2369 1223 2444 egeant

130 2480 160 2537 et
181 2472 347 2537 alliciantur
368 2479 419 2535 aut
441 2474 601 2558 coniugum
625 2475 785 2539 omissione
808 2482 859 2539 aut
879 2475 1065 2538 liberorum?
1110 2475 1222 2550 Quibus

130 2587 308 2652 satisfacere·
326 2587 425 2651 debuit
446 2589 495 2651 illa
517 2590 665 2672 evangelii
686 2591 843 2672 parabola,
863 2587 891 2673 ¹)
919 2588 1000 2671 quod
1023 2590 1107 2654 dives
1128 2590 1222 2673 bysso

131 2707 161 2766 et
182 2719 312 2784 purpura
342 2701 518 2768 induebatur
548 2711 578 2768 et
611 2705 712 2787 epulas
743 2707 883 2788 copiosas
914 2706 1074 2768 exhibebat
1103 2704 1222 2784 cotidie,

132 2833 247 2899 pauper
275 2821 372 2878 autem
402 2819 508 2900 plenus
538 2820 673 2883 ulcerum
695 2818 734 2883 de
756 2837 858 2882 mensa
881 2820 945 2883 eius
968 2819 1127 2903 colligebat
1148 2819 1224 2884 reli·

132 2928 225 3011 quius.
262 2929 332 2992 Post
356 2929 466 2994 obitum
481 2948 557 2994 vero
572 2930 728 3011 utriusque
750 2949 864 3012 pauper
879 2937 943 2993 crat
957 2931 987 2992 iu
1003 2932 1071 2994 sinu
1084 2931 1223 2996 Abrahae

131 3045 265 3126 requiem
293 3043 424 3124 babens,
455 3044 540 3107 dives
571 3051 670 3108 autem
698 3045 729 3107 iu
759 3045 919 3127 suppliciis.
962 3045 1069 3109 Nonne
1100 3046 1223 3111 evidens

132 3165 180 3222 est
197 3157 374 3221 meritorum
395 3163 445 3219 aut
466 3158 596 3239 praemia
610 3164 661 3221 aut
675 3158 818 3239 supplicia
840 3165 909 3240 post
930 3165 1054 3222 mortem
1077 3162 1224 3224 manere?

218 3267 270 3335 5&
312 3269 350 3333 Et
363 3276 456 3350 recte,
480 3271 549 3350 quia
564 3271 595 3332 in
616 3272 776 3335 certamine
797 3273 883 3335 labor
905 3278 960 3352 est,
982 3280 1052 3354 post
1073 3281 1223 3337 certamen

131 3384 196 3448 aliis
212 3383 346 3464 victoria,
369 3382 434 3447 eliis
449 3385 617 3468 ignominia.
654 3385 801 3467 Numquid
822 3387 993 3468 priusquam
1015 3405 1121 3451 cursus
1144 3406 1222 3452 oon-

130 3498 255 3579 ficirtur,
270 3498 364 3581 palma
375 3498 513 3580 cuiquam
525 3499 620 3578 datur,
636 3507 686 3563 aut
702 3499 835 3564 defertur
850 3501 989 3564 corona?
1025 3501 1131 3565 Merito
1142 3502 1222 3566 Pou-

129 3614 191 3678 los:
205 3608 238 3696 2)
263 3611 435 3690 Certamen,
459 3612 561 3694 iuquit,
585 3612 699 3677 bonum
712 3602 841 3690 certavi,
861 3633 984 3677 cursam
1000 3617 1220 3695 consummaui,

128 3729 220 3809 fidem
240 3728 384 3802 succum
406 3729 492 3808 qood
503 3728 665 3808 reliquero,
688 3729 829 3808 reposito
844 3734 892 3790 cst
905 3728 980 3790 mibi
996 3748 1114 3792 corono
1129 3731 1220 3794 iusti·

129 3844 211 3920 tice,
243 3860 337 3924 quom
359 3842 468 3904 rwdct
487 3842 561 3904 milti
583 3842 727 3904 domiuus
749 3843 783 3904 io
804 3842 862 3904 illu
885 3843 954 3920 dle,
983 3843 1084 3905 iustus
1105 3844 1226 3919 iudeus

129 3974 195 4019 nou
210 3955 311 4020 solatur
330 3961 434 4018 comm
453 3939 538 4031 mibi,
561 3954 619 4016 sed
641 3956 734 4018 etium
748 3955 808 4032 bis,
832 3955 886 4034 qui
901 3955 1036 4038 diligunt
1059 3959 1227 4024 edocemur·

204 4196 232 4268 l)
249 4194 309 4252 buc.
329 4196 371 4265 16,
389 4197 422 4251 19
439 4214 493 4268 req.
563 4197 592 4265 2)
612 4198 636 4251 2.
655 4195 719 4252 lim.
737 4198 764 4266 4,
781 4197 798 4250 '7
816 4215 870 4269 req.

956 4296 1008 4366 ,qa
