2692 4666
321 292 336 323 6

124 333 190 403 384
314 344 317 349 “
541 334 798 391 suuotstloues
881 322 887 335 ’

123 492 200 558 (tuln,
219 510 280 548 cum
297 511 355 549 euur
374 492 419 562 ua,
436 495 496 548 item
515 496 574 548 edd.
594 494 697 549 Amerb.
716 497 814 550 Erasm.
828 495 898 551 Gust.
910 496 1001 550 Pistor.
1014 496 1101 563 Rom„
1119 507 1143 553 et
1160 514 1210 551 cum

122 579 238 690 eurdeBb
256 597 270 632 a
289 598 321 633 ru.
340 598 396 650 pr.‚
420 601 434 636 u
453 601 505 637 sec.
524 595 548 639 et
566 603 625 640 eum
649 587 870 652 (coniunctorum
889 587 1002 657 delete),
1028 604 1140 658 eumque
1155 586 1211 651 iicd,

123 723 175 773 pue
218 705 277 770 (per
294 707 357 770 rue.)
377 704 417 755 W.
455 703 521 757 Dein
539 709 656 772 mitibus,
676 706 743 776 quod
762 708 786 759 iu
804 705 841 759 Rc
859 708 1058 776 superscriptum
1078 717 1132 773 est,
1151 715 1211 759 recte

124 791 199 843 codd.
226 800 252 843 et
275 793 334 845 edd.
354 792 408 845 Col.
429 793 532 846 Amerb.
559 793 655 847 Erasm.
681 794 750 848 Ceut.
779 795 869 862 Rom,
896 799 1014 852 millibus
1042 796 1112 850 Med.
1131 795 1211 848 Pistor.

104 879 202 931 *diuum
221 879 285 934 Gilb.
665 883 668 888 ’

227 1009 331 1062 Ρ.187.

196 1101 218 1152 1.
237 1118 284 1153 uec
303 1115 317 1150 a
336 1115 368 1149 m.
388 1113 436 1166 pr,
454 1116 486 1152 ne
506 1113 537 1149 cx
550 1114 614 1150 corr.
628 1114 675 1166 per
687 1114 736 1151 ras.
750 1098 790 1150 W.
821 1097 887 1150 Dein
905 1100 937 1151 od
955 1100 1008 1151 olio
1020 1096 1052 1148 W
1068 1105 1094 1150 et
1106 1098 1212 1150 Mouecc.

122 1205 172 1241 unu
197 1204 253 1238 eum
278 1186 335 1239 edd.
362 1185 465 1237 Amerb.
482 1184 587 1239 Essem.
614 1183 683 1238 Cost.
709 1184 800 1238 Pistor.
820 1186 910 1253 Rom,
935 1189 965 1239 ui
989 1189 1079 1255 utiquo
1102 1185 1170 1238 Bubc
1192 1194 1215 1236 ct

123 1276 274 1344 exemplaria
288 1273 343 1326 Coi.
357 1283 383 1326 et
395 1273 473 1340 Meu,
491 1273 637 1342 quibuscum
657 1276 816 1328 concordant
829 1274 932 1325 biaurioi
945 1282 970 1325 ct
983 1272 1048 1324 Gilb.
1088 1272 1113 1323 2.
1134 1275 1216 1326 obieri

122 1365 163 1415 W.
184 1363 285 1416 biacdci
302 1371 327 1415 et
345 1360 408 1427 ean,
426 1363 486 1413 item
506 1361 565 1414 edd.
584 1363 686 1416 Amcrb.
707 1362 803 1415 Eresm.
823 1362 890 1415 Cost.
912 1370 988 1431 atquo
1007 1361 1110 1427 Pistor,
1128 1363 1216 1431 ripaei

122 1451 192 1521 ittig,
211 1455 305 1506 oberro
319 1448 354 1502 Bc
371 1466 422 1501 uuu
441 1466 497 1501 cum
516 1449 575 1501 edd.
594 1449 661 1503 Med.
679 1449 751 1502 Rom.
773 1450 852 1502 Maur.
866 1458 893 1502 et
906 1448 980 1516 Giib,
999 1453 1079 1504 utera
1091 1447 1215 1516 exemplar

124 1537 179 1591 Col.
224 1540 248 1590 4.
275 1555 444 1592 consummor
469 1534 512 1590 Rc.
547 1536 597 1589 Pro
622 1555 682 1592 eum
708 1541 754 1604 (itu
778 1537 847 1590 Bnbc
872 1539 1050 1608 editionesque
1078 1536 1133 1589 Col.
1153 1535 1213 1587 died.

124 1627 202 1680 Maur.
223 1635 248 1678 et
267 1625 345 1692 Giib.)
368 1627 455 1694 recepi
478 1629 555 1681 iilum
574 1643 589 1679 e
608 1627 682 1679 codd.
701 1626 733 1677 W
754 1635 780 1678 et
798 1626 928 1692 Menneu,
956 1626 1106 1695 quibuscum
1125 1625 1215 1679 iaciunt

123 1715 182 1767 edd.
200 1713 256 1766 rell.
292 1712 316 1766 5.
335 1716 426 1767 iniciet
444 1713 483 1765 W.
502 1712 630 1784 bibcdefg.
649 1713 718 1783 th,
744 1714 887 1770 inicientis
906 1712 1003 1780 utba,
1030 1719 1133 1772 iuiiciet
1152 1715 1213 1786 vulg.

123 1804 148 1855 6.
174 1807 235 1874 quia
257 1805 313 1855 uiri
331 1801 363 1852 W
381 1809 407 1853 ct
425 1800 536 1853 Mouucc.
572 1801 634 1855 Voc.
658 1805 781 1857 domiuus
808 1803 840 1855 eb
865 1802 896 1854 al.
916 1819 949 1854 ru.
973 1805 1175 1871 superscriptum
1193 1805 1214 1855 in

123 1887 167 1942 Bc.
205 1893 228 1943 7.
247 1894 306 1945 dier
323 1905 370 1957 pro
390 1894 456 1944 born
474 1889 561 1942 scribit
578 1888 625 1955 Bb,
644 1909 692 1946 oro
710 1889 754 1944 Bc.
785 1887 846 1943 Tum
865 1895 1045 1959 uetuerimne,
1067 1892 1136 1961 quod
1155 1907 1214 1944 con·

17 2016 24 2037 ,
123 1981 192 2033 venit
210 1996 265 2031 cum
284 1979 381 2030 Graeco
400 1986 469 2031 textu
478 2007 491 2043 ‚·
513 1982 555 2048 qui
573 1978 650 2031 habet
668 1981 708 2028 καὶ
726 1975 854 2046 ἀποθάνῃ,
878 1980 977 2032 restitui
997 1995 1029 2032 ex
1048 1979 1123 2032 codd.
1144 1980 1174 2031 W
1191 1988 1214 2033 et

123 2067 252 2133 Menace,
271 2077 299 2122 ut
316 2085 381 2121 mor.
402 2069 462 2119 dant
479 2066 515 2120 Ba
534 2076 560 2120 et
577 2068 673 2137 vulgati
691 2068 758 2120 libri.
794 2067 892 2120 Deinde
911 2073 953 2124 ecl
970 2082 1018 2136 pro
1037 2080 1084 2123 out
1103 2070 1142 2122 W.
1162 2069 1213 2120 bio·

122 2173 194 2209 nece.
214 2164 241 2207 et
257 2152 310 2206 Rab
329 2171 377 2206 una
396 2171 453 2207 cum
472 2155 531 2206 edd.
551 2155 655 2207 Amerb.
676 2156 821 2224 ceterisque
840 2155 976 2208 Mancinum
999 2157 1213 2209 antecedentibus.

92 2266 96 2277 =
121 2244 146 2297 8.
165 2248 193 2298 iu
209 2249 297 2314 puprtr'r
315 2245 486 2305 descenderit,
504 2257 570 2310 quoe
589 2240 666 2293 lectio
686 2242 782 2308 optimc
800 2242 939 2310 respondet
952 2240 1051 2295 Graeco
1070 2243 1214 2306 standitanus

121 2335 230 2397 καταβῇ,
249 2332 392 2399 recepimus
410 2345 442 2381 ex
460 2345 519 2381 mss.
538 2328 578 2382 W.
598 2329 713 2381 Menace.
733 2336 759 2381 et
775 2328 839 2394 eoo,
862 2346 876 2380 a
895 2329 985 2398 quibus
1004 2346 1055 2383 uon
1076 2331 1215 2398 discrepant

122 2420 180 2472 odd.
200 2419 264 2470 Med.
284 2418 388 2486 Amprb.
414 2425 567 2487 ceteraeque
586 2417 700 2470 Mauriua
724 2418 887 2487 antiquiores.
924 2417 956 2469 Et
978 2420 1013 2471 itu
1040 2421 1153 2470 correxit
1171 2421 1215 2469 ium

122 2507 248 2559 Gilbertus
266 2508 290 2558 io
308 2500 512 2558 adnotationibus
531 2506 581 2559 suis
599 2522 646 2574 pro
664 2510 693 2560 iu
709 2492 796 2577 perporo
815 2509 979 2573 diocorum,
1007 2506 1076 2574 quod
1095 2507 1215 2574 reperitur

121 2598 146 2648 in
164 2595 200 2648 Bc
220 2595 277 2664 (ubi
295 2609 429 2663 perperam
447 2601 527 2645 exstat
545 2594 699 2663 discerent)
718 2603 743 2645 et
761 2595 785 2646 iu
806 2593 865 2646 cdd.
885 2593 939 2646 Col.
959 2593 1038 2645 Maur.
1057 2603 1134 2664 atque
1153 2592 1213 2645 Giib.

122 2682 183 2736 Tum
207 2696 236 2740 ut
260 2699 305 2751 pro
329 2692 353 2737 et
376 2681 441 2734 male
460 2680 512 2746 Ba3
540 2681 634 2751 legitur
661 2684 728 2734 euim
751 2684 777 2733 in
797 2680 894 2734 Graeco
920 2683 960 2730 καὶ
984 2685 1111 2750 προςτεθῇ.
1154 2682 1215 2734 Dein

122 2776 269 2844 adportatur
280 2769 325 2836 tte,
345 2780 491 2840 opponatur
503 2770 581 2840 vulg„
601 2782 748 2842 opponetur
759 2770 791 2821 W
804 2778 830 2822 et
846 2769 967 2834 bionncc,
987 2781 1136 2846 opponatur:
1150 2767 1214 2822 eeu

121 2860 178 2912 Vid.
196 2863 298 2915 Latiuii
320 2867 373 2911 not.
408 2857 466 2910 Mox
489 2877 505 2912 a
529 2862 632 2914 domiuo
657 2874 707 2911 om.
726 2858 772 2910 Bb.
809 2857 871 2910 Tum
897 2861 996 2911 inicere
1024 2857 1101 2911 codd.
1121 2874 1215 2923 omnes,

121 2952 231 3004 iniicere
249 2948 318 3019 vulg.

192 3058 216 3121 §.
230 3056 273 3121 34,
287 3055 364 3107 2-3.
383 3057 533 3110 tenticulum
550 3057 671 3109 sustulit.
702 3057 793 3124 itaque
808 3056 998 3108 dmmicatitus
1011 3053 1132 3120 cunctis]
1150 3051 1216 3105 Hunc

122 3143 258 3196 lectionem
277 3158 292 3194 e
311 3141 428 3194 Maurinis
446 3157 461 3194 e
480 3141 554 3194 codd.
574 3143 627 3194 suis
645 3151 776 3209 receptam
802 3143 909 3211 egregie
936 3141 1085 3193 confirment
1103 3142 1163 3194 cod.
1182 3139 1215 3192 bb

122 3240 149 3285 et
167 3232 225 3284 edd.
244 3229 300 3284 Coi.
319 3247 349 3283 ac
368 3230 449 3295 Med.;
474 3233 562 3285 leutio.
587 3233 646 3285 tulit
666 3247 763 3300 oquae,
790 3232 1028 3298 deficientibusque
1046 3233 1155 3283 curtem
1172 3243 1215 3280 ox·

122 3321 210 3375 hibent
227 3321 260 3371 W
279 3327 305 3372 et
323 3318 453 3385 Menace,
472 3321 532 3372 lent.
552 3320 665 3372 wrtuiit
682 3335 780 3388 oquae,
806 3318 1045 3385 domicutiiusque
1063 3319 1167 3371 eunctis
1184 3313 1215 3365 ua

122 3427 144 3464 c.
158 3410 198 3462 ed.
215 3406 326 3473 emeth„
345 3411 403 3461 tent.
423 3415 493 3461 sort.
513 3423 604 3476 oquae,
623 3407 815 3460 deminutione
827 3407 933 3459 cunctis
945 3401 1042 3454 Eresm.
1059 3401 1140 3468 cust,
1159 3406 1214 3456 tout.

122 3498 183 3552 'tritit
200 3512 290 3566 oquae,
310 3497 499 3548 dormientibus
518 3504 602 3548 cunct.
622 3491 712 3545 Pistor.
727 3493 799 3544 Rom.
831 3491 893 3543 Tum
911 3498 1089 3561 epreouurprte
1104 3493 1214 3559 scripse·

122 3592 180 3637 runt
199 3581 344 3646 Costerius‚
364 3577 484 3631 Pistorius
510 3588 536 3631 et
561 3578 646 3630 editor
664 3579 799 3631 Romanus.
835 3577 915 3629 Abest
940 3586 999 3630 ante
1018 3582 1122 3634 caruis
1141 3595 1215 3647 pree·

122 3672 215 3739 positio
234 3673 265 3724 dc
283 3687 297 3722 e
318 3668 374 3720 cod.
394 3667 435 3734 W,
454 3685 502 3720 nec
521 3670 603 3737 primo
621 3668 755 3738 legebatur
773 3670 798 3719 iu
817 3666 865 3731 bie,
888 3668 912 3717 iu
931 3683 981 3735 quo
1000 3667 1031 3719 ab
1050 3682 1072 3719 r.
1091 3684 1124 3719 m.
1144 3680 1215 3735 supra

123 3759 208 3811 addita
227 3767 273 3810 est.
304 3759 439 3826 Reperitur
457 3760 532 3809 etiarn
550 3759 576 3809 in
596 3759 689 3809 ceteris
709 3757 779 3808 libris
792 3756 906 3807 Menace.
925 3763 951 3806 et
963 3752 1025 3820 uuo,
1044 3761 1072 3805 ut
1089 3755 1114 3805 iu
1133 3756 1213 3807 editis.

122 3849 149 3902 Β
168 3851 269 3900 rustris
286 3845 364 3898 babet
382 3842 426 3897 Bn.
463 3844 578 3898 Ceterum
602 3845 683 3897 verbo
708 3848 796 3915 ceredi
819 3860 876 3896 cunr
895 3843 1086 3911 praepositione
1106 3846 1138 3897 de
1155 3859 1214 3896 con·

122 3941 216 3986 structo
235 3935 312 3985 utitur
331 3935 405 3985 etiarn
416 3936 548 3988 Paulines
561 3934 586 3984 in
599 3934 650 3985 vitu
663 3931 688 3983 S.
703 3931 829 3984 Ambrosii
846 3933 871 3996 §.
885 3930 928 3995 21,
942 3930 966 3981 6.
986 3929 1065 3995 26,1.
1079 3937 1106 3982 et
1119 3930 1163 3996 ⁴³,
1178 3929 1213 3980 10.

124 4021 148 4072 5.
169 4026 253 4076 disier
271 4020 345 4071 codd.
366 4037 388 4073 c.
407 4021 478 4072 editt.
499 4037 595 4086 omnes,
614 4028 722 4089 excepto
740 4027 824 4071 tomen
837 4018 881 4084 Βο,
901 4020 926 4071 in
941 4034 991 4087 quo
1005 4026 1086 4070 exstat
1097 4022 1213 4084 otioso,

123 4110 190 4180 quod
210 4111 328 4162 convenit
346 4108 444 4161 Graeco
462 4105 584 4177 Ἀβεννῆρ.
619 4107 686 4159 Dein
704 4111 782 4177 Mam
801 4110 933 4161 adhiberet
950 4108 1099 4161 custodium
1121 4109 1214 4176 repiet

123 4200 227 4253 domiuo
245 4215 297 4255 suo
314 4196 346 4249 W
365 4206 392 4250 et
410 4197 486 4250 emo.
523 4197 547 4249 6.
565 4200 757 4265 mummi
773 4202 862 4250 teuent
885 4195 961 4247 codd.
974 4192 1013 4244 W
1030 4201 1057 4246 et
1075 4191 1145 4247 Bebc
1163 4206 1214 4244 cunr
