2692 4666
399 310 445 365 BE
466 309 604 367 orttrctts
622 309 846 375 ttrtttsrttotttJtt
865 311 1011 366 turono.
1187 317 1246 384 151

237 467 289 535 83.
333 470 399 536 lloc
429 472 575 537 somnium
598 472 637 535 ita
661 472 777 554 aperuit
805 479 926 538 sanctus
949 473 1074 559 loseph,
1106 494 1144 541 eo
1168 476 1250 559 quod

122 589 265 671 ...semem
286 584 433 649 iuvencae·
454 590 570 665 septem
589 585 657 647 anni
671 580 784 665 torem,
804 590 835 647 et
852 593 967 668 septem
990 589 1092 670 spicae
1115 589 1249 654 similiter

146 699 263 776 septem
290 693 359 759 anni
388 693 505 791 iprent,
537 714 577 756 ex
599 695 660 758 ietu
683 701 711 757 et
735 678 845 759 fructu
864 697 1074 778 interpretatus
1103 708 1247 783 tempora.

146 807 238 870 Fetus
260 807 339 869 enirn
361 806 507 869 iuvencae
530 823 638 867 annum
662 806 799 886 exprimit
815 812 844 868 ct
864 805 978 871 fruotm
1001 810 1115 891 segetis
1139 829 1263 874 annum,

146 927 332 983 consummat
354 920 512 1000 integrum.
550 918 633 991 Quae
652 918 721 1009 ideo
742 919 944 984 ascendebant
960 921 998 984 de
1013 922 1143 1004 flumine,
1166 924 1247 1004 quod

145 1030 229 1109 dies,
264 1032 333 1093 anni
355 1049 391 1093 ac
413 1036 547 1112 tempora
577 1030 727 1093 fluminum
756 1039 950 1112 praetereunt
971 1034 1061 1098 modo
1085 1042 1115 1097 et
1138 1037 1247 1100 cursim

143 1141 292 1224 labuntur.
337 1140 442 1205 Annos
470 1144 570 1222 itaque
599 1148 713 1223 septem
740 1143 858 1223 priores
884 1145 986 1208 uberis
1009 1153 1109 1209 terrae
1132 1147 1246 1212 fertiles

143 1270 181 1314 ao
205 1252 350 1317 fecundos
374 1254 505 1318 declarat
537 1254 671 1332 iuturos;
703 1256 891 1336 posteriores
914 1264 1010 1321 autern
1034 1259 1108 1323 alios
1131 1268 1246 1343 septem

143 1382 243 1430 annos
265 1367 382 1431 steriles
406 1377 495 1451 atque
517 1368 713 1448 infecundos,
742 1387 870 1450 quorum
893 1371 1032 1434 sterilitas
1055 1373 1245 1453 absumptura

143 1477 225 1542 foret
251 1481 417 1542 ubertatem
442 1479 646 1569 pauperiorum.
691 1479 756 1552 Oua
787 1481 883 1562 gratia
913 1482 1154 1563 prospiciendum
1186 1482 1245 1546 ad-

142 1592 273 1672 monuit,
308 1601 339 1656 ut
367 1576 557 1656 uberioribus
591 1590 677 1654 annis
708 1599 948 1674 congregaretur
980 1595 1142 1658 subsidium
1177 1594 1245 1658 fru-

141 1705 335 1785 mentarium,
366 1705 446 1787 quod
475 1711 645 1768 sustentare
677 1713 783 1787 posset
811 1707 938 1788 inopiam
962 1706 1081 1771 futurae
1103 1708 1244 1773 infecun-

142 1817 252 1881 ditatis.

231 1926 284 1993 84.
330 1928 407 2004 Quid
429 1931 555 2012 primum
577 1931 695 2003 miror?
738 1930 909 2015 ingenium,
932 1940 993 2013 quo
1016 1933 1046 1995 in
1069 1935 1164 2014 ipsum
1185 1951 1243 1996 ve-

140 2041 236 2105 ritatis
270 2040 424 2105 descendit
455 2043 568 2122 cubile,
601 2061 638 2105 an
667 2045 842 2123 consilium,
876 2062 936 2125 quo
961 2051 1020 2106 tam
1042 2046 1129 2129 gravi
1153 2052 1243 2126 atque

141 2154 300 2218 diuturnae
321 2155 478 2236 prospexit
499 2155 690 2235 necessitati,
722 2173 760 2218 an
782 2155 963 2237 vigilantiam
982 2162 1070 2236 atque
1093 2156 1242 2236 iustitiam,

140 2284 267 2348 quarum
298 2267 390 2328 altera
424 2266 555 2348 inposito
591 2266 647 2329 sibi
680 2271 763 2329 tanto
798 2284 922 2329 munere
954 2269 1151 2353 congregabit
1183 2274 1243 2330 tam

139 2378 320 2459 multiplices
347 2383 532 2441 commeatus
555 2377 708 2458 alteraque
738 2376 944 2457 aequalitatem
965 2396 1021 2459 per
1043 2397 1148 2442 omnes
1171 2396 1242 2442 ser·

139 2474 248 2553 navit?
276 2488 366 2556 ,Nam
390 2489 428 2552 de
449 2490 689 2571 magnanimitate
712 2488 781 2570 quid
803 2490 926 2570 loquar,
958 2489 1038 2569 quod
1064 2490 1202 2554 venditus
1226 2508 1243 2554 a

138 2600 281 2665 iratribus
304 2602 335 2664 in
357 2602 531 2664 servitutem
561 2618 623 2664 non
652 2601 752 2663 retulit
782 2600 933 2679 iniuriam,
964 2601 1018 2663 sed
1051 2599 1158 2663 famem
1177 2600 1242 2686 ‚de-

137 2713 238 2795 pulit?
283 2713 361 2787 Quid
385 2712 423 2776 de
445 2714 607 2794 suavitate,
638 2733 696 2795 qua
720 2714 819 2775 dilecti
842 2713 941 2776 fratris
972 2713 1242 2806 praesentiam-pia

137 2822 247 2888 fraude
276 2825 440 2907 metirit,
473 2843 562 2906 quem
592 2825 729 2889 simulato
760 2842 815 2906 per
838 2823 1016 2908 elegantiam
1045 2824 1125 2888 furto
1156 2842 1242 2887 reum

138 2938 240 3000 statuit
260 2938 402 3019 mpinae,
422 2944 456 3000 ut
477 2938 613 3002 obsidem
635 2941 754 3015 teneret
774 2939 914 3022 gratiae?
932 2936 962 3021 ¹)

226 3046 278 3114 85.
322 3049 408 3114 Unde
430 3052 536 3113 merito
559 3051 626 3141 cita
644 3048 729 3143 patro
752 3046 875 3114 dieitur:
892 3047 924 3135 ²)
946 3050 1048 3120 Filius
1071 3051 1240 3132 ampliatas

135 3173 224 3224 meua
245 3145 368 3243 losepb,
390 3163 476 3242 filius
499 3165 668 3243 ampliatos
688 3183 774 3226 mens
795 3166 922 3242 zelotes,
943 3165 1030 3244 filins
1052 3183 1136 3227 mons
1157 3164 1239 3235 odo-

135 3275 311 3338 moeamr.
356 3272 490 3339 Actaea
508 3282 539 3337 a
557 3277 636 3338 een
658 3294 744 3338 naas
760 3257 1010 3339 erectaerecta
1025 3275 1240 3349 tantaleam

135 3388 217 3451 caeli
240 3407 262 3450 o
283 3407 401 3452 summo
422 3398 453 3452 et
474 3390 688 3453 benedictione
711 3397 815 3453 terroe
836 3389 981 3453 babentia
1004 3391 1127 3464 omnio,
1155 3405 1239 3468 prp-

132 3507 206 3579 pter
236 3499 468 3564 benedictiones
493 3503 600 3583 patrie
625 3483 674 3566 ‘toi
703 3510 732 3566 et
758 3503 876 3566 matris.
931 3502 1117 3565 Praevaluit
1145 3518 1241 3595 rupee

133 3611 369 3678 benedictiones
385 3618 536 3678 montione
557 3617 745 3680 manentiam
759 3606 790 3678 et
804 3615 965 3678 desiderio
987 3615 1112 3678 collium
1135 3584 1237 3676 aeter-

133 3742 255 3788 nornm.
299 3724 336 3788 tta
369 3728 399 3789 in
429 3726 683 3792 Deuteronomio:
701 3725 750 3810 3),
770 3727 830 3803 Oai
855 3727 943 3792 oleos
972 3735 1035 3804 est,
1065 3726 1175 3807 inquit,
1204 3726 1238 3788 tn

134 3835 235 3916 rabo,
265 3839 374 3902 ventat
402 3857 499 3918 snper
527 3849 621 3921 capot
641 3839 755 3920 losepb
778 3847 808 3903 et
827 3857 923 3919 saper
953 3839 1099 3902 corticem
1124 3838 1235 3918 ipsios.

208 4076 237 4145 i)
253 4074 346 4134 ficum.
365 4078 409 4146 tt,
428 4078 445 4132 2
463 4095 534 4150 seqq.
587 4079 617 4148 2)
635 4077 697 4133 lbid.
717 4079 760 4146 ts,
778 4079 813 4134 22
833 4097 888 4150 seq.
941 4080 969 4149 3)
988 4079 1234 4151 Deut.33‚16seq.
