2692 4666
158 309 201 376 ad
374 393 379 398 Ι
668 306 746 361 vrm

157 470 203 534 vir
224 475 344 534 sanctus
361 470 509 534 zenobius
532 469 693 553 episcopus
716 477 772 550 est,
794 471 863 554 quia
885 471 1064 552 promiserat
1085 471 1252 553 petentibus

156 583 214 647 illis
236 584 305 647 illos
327 584 446 667 saepius
469 584 671 664 visitaturum,
704 583 876 666 frequenter
898 583 934 647 ad
959 585 1067 664 altare,
1102 584 1182 666 quod
1206 591 1253 646 est

155 699 185 763 in
208 699 327 762 basilica
351 698 565 778 Ambrosiam,
597 718 674 781 quae
704 699 812 762 ibidem
841 699 877 761 ab
909 700 975 780 ipso
1008 699 1167 762 constituta
1196 705 1252 778 est,

155 813 250 875 visum
282 831 386 892 orare,
418 813 483 894 ipso
511 820 614 876 sancto
647 815 712 877 viro
745 812 902 876 sacerdote
932 813 1064 875 Zenobio
1100 813 1252 875 referente

158 926 320 990 didicimus.
366 927 398 990 ln
424 925 527 989 eadem
550 927 637 989 etiam
661 926 759 1006 domo,
782 928 812 989 in
835 947 892 1008 qua
916 926 1066 990 declinans
1085 926 1251 1009 Eugenium

154 1042 276 1120 mansit,
308 1046 460 1122 tempore,
491 1058 549 1121 quo
572 1039 755 1125 Radagaisus
779 1057 868 1122 supra
893 1040 998 1103 dictam
1021 1041 1169 1103 civitatem
1191 1041 1250 1102 ob-

154 1155 279 1234 sidebat,
304 1173 369 1218 cnm
392 1155 448 1218 iam
471 1156 509 1218 de
524 1175 559 1219 se
573 1157 691 1237 penitus
708 1156 920 1239 desperassent
935 1158 990 1219 viri
1006 1157 1130 1219 civitatis
1147 1158 1250 1238 ipsius,

153 1270 325 1352 pervisum
348 1271 463 1334 cuidam
491 1271 626 1354 adparuit
655 1279 685 1334 et
714 1273 849 1354 promisit
878 1273 936 1335 alio
967 1271 1014 1333 die
1044 1271 1166 1334 salutem
1193 1271 1250 1332 illis

153 1383 326 1449 adfulumm.
383 1385 449 1459 Quo
484 1386 636 1449 referente
670 1387 778 1450 civium
812 1387 900 1448 animi
933 1392 1002 1448 sunt
1036 1386 1144 1460 erecti;
1182 1403 1250 1446 nam

153 1500 247 1563 altero
272 1501 319 1562 die
343 1499 519 1564 adveniente
541 1501 682 1566 Stilicone
705 1508 774 1564 tunc
797 1503 903 1564 comite
926 1520 992 1563 eum
1016 1500 1150 1561 exercitu
1173 1497 1250 1560 facta

154 1621 200 1678 est
230 1613 267 1676 de
298 1615 433 1678 hostibus
464 1617 597 1680 victoria.
649 1616 730 1679 Haec
761 1617 926 1699 Pansopbia
958 1615 1099 1698 religiosa
1130 1613 1248 1693 femina,

154 1737 250 1792 matre
272 1731 358 1812 pueri
381 1730 549 1812 Pansopbii,
572 1730 725 1794 referente
747 1731 952 1814 cognovimus.

239 1841 291 1907 51.
335 1843 496 1906 blaseezeli
523 1846 611 1907 etiam
638 1843 807 1926 desperanti
830 1843 867 1905 de
890 1843 985 1905 salute
1006 1860 1059 1904 sua
1083 1841 1131 1905 vel
1154 1860 1249 1904 exer-

152 1958 243 2039 citus,
267 1977 354 2041 quem
380 1959 518 2022 ductabat
540 1965 646 2023 contra
670 1958 842 2038 Gildonem,
873 1957 1008 2021 baculum
1031 1964 1138 2019 tenens
1162 1975 1248 2019 manu

151 2074 181 2137 in
205 2075 272 2136 visu
295 2074 392 2136 noctis
419 2074 552 2156 adparuit
584 2082 689 2156 atque,
712 2082 789 2137 ‘cum
821 2073 1053 2155 provolveretur
1085 2070 1121 2133 ad
1153 2069 1247 2153 pedes

152 2189 247 2251 sancti
277 2189 333 2250 viri
364 2188 530 2267 Mascezel,
563 2192 733 2271 percutiens
764 2195 872 2252 terram
906 2206 1001 2251 senex
1030 2186 1153 2265 baculo,
1187 2203 1247 2265 quo

151 2302 329 2384 regebatur,
363 2304 451 2366 tertio
475 2299 550 2387 (bae
574 2305 651 2367 enim
674 2305 714 2366 illi
737 2304 839 2386 specie
861 2299 1057 2385 adparuerat)
1089 2302 1144 2363 ait:
1178 2299 1248 2376 llic,

152 2415 212 2492 bic,
236 2416 298 2492 bic,
322 2416 443 2499 signans
466 2417 575 2496 locum,
600 2416 741 2498 deditque
764 2417 941 2479 intellectum
963 2418 1040 2494 viro,
1064 2433 1152 2496 quem
1171 2414 1249 2476 visi-

152 2529 264 2592 tatione
288 2529 409 2613 dignum
432 2531 530 2593 fuemt
551 2532 719 2611 arbitratus,
743 2537 774 2593 ut
797 2536 977 2612 agnosceret
991 2547 1025 2591 se
1041 2530 1151 2610 inipso
1167 2528 1248 2607 loco,

151 2641 181 2703 in
205 2660 264 2722 quo
289 2649 423 2704 sanctum
446 2642 557 2706 domini
578 2643 693 2706 viderat
707 2644 905 2723 sacerdotem,
930 2643 978 2705 die
994 2645 1079 2707 tertia
1094 2634 1248 2705 victoriam

151 2754 335 2837 adepturum,
359 2761 447 2837 atque
471 2757 510 2818 ita
533 2774 656 2819 securus
678 2757 787 2820 bellum
810 2758 961 2821 inchoavit
980 2763 1010 2820 et
1025 2758 1248 2820 consummavit.

150 2869 214 2932 Nos
237 2874 335 2932 tamen
360 2889 394 2931 ea
411 2869 570 2932 Mediolani
590 2871 680 2951 positi
696 2873 761 2951 ipso
777 2871 945 2933 llascezele
960 2871 1111 2935 referente
1127 2890 1248 2955 cogno-

151 2985 246 3048 vimus
254 3004 263 3059 3
286 3002 353 3045 nam
377 2991 406 3045 et
428 2985 458 3044 in
480 2984 536 3046 hac
559 2985 722 3065 provincia,
744 2985 774 3045 in
799 3003 855 3065 qua
878 3002 958 3047 nunc
978 2986 1067 3066 positi
1082 2986 1248 3064 scribimuS,

150 3098 283 3181 plurimis
307 3098 364 3160 hoc
387 3098 483 3178 ipsum
506 3099 605 3161 retulit
628 3097 843 3177 sacerdotibus,
868 3099 974 3179 quibus
998 3099 1084 3160 etiam
1106 3098 1248 3161 referen-

150 3213 228 3276 tibus
258 3207 397 3275 securins'
424 3210 511 3273 nobis
539 3218 608 3273 ante
637 3212 755 3294 cognita
785 3212 853 3273 buic
880 3211 956 3273 libro
986 3212 1116 3274 arbitrati
1147 3230 1248 3274 sumus

152 3301 351 3409 adiungere.⁸

238 3438 288 3504 52.
336 3440 445 3504 Sisinni
475 3441 562 3503 etiam
593 3447 623 3502 et
654 3439 816 3503 Alexandri
846 3447 1025 3523 martyrum,
1057 3443 1107 3523 qui
1136 3445 1247 3506 nostris

150 3557 345 3640 temporibus,
368 3557 427 3618 boc
450 3563 508 3635 est,
532 3562 600 3636 post
623 3557 734 3619 obitum
758 3558 852 3619 sancti
874 3556 1024 3619 Ambrosii
1046 3557 1076 3617 iu
1092 3558 1248 3621 Anauniae

150 3674 281 3755 partibus
305 3670 554 3753 persequentibus
576 3669 736 3752 gentilibus
753 3671 823 3732 viris
842 3670 973 3752 martyrii
989 3689 1132 3733 coronam
1149 3673 1247 3758 adepti

149 3794 235 3866 sunt,
262 3805 327 3848 cum
350 3785 491 3866 reliquias
514 3785 674 3848 Mediolani
697 3803 808 3847 summa
832 3803 899 3847 cum
922 3785 1084 3848 devotione
1107 3788 1247 3870 suscipe-

150 3918 267 3979 remus,
301 3899 480 3964 adveniente
510 3899 638 3980 quodam
670 3919 761 3964 caeco
793 3907 823 3962 et
851 3899 1004 3963 referente
1039 3903 1245 3983 cognovimus,

150 4016 201 4097 qui
225 4015 333 4078 eodem
355 4013 402 4077 die
427 4022 505 4078 tacto
529 4016 646 4094 loculo,
671 4017 700 4078 in
724 4034 784 4098 quo
807 4023 978 4079 sanctorum
1001 4016 1145 4097 reliquiae
1169 4035 1245 4097 por-

149 4130 299 4213 tabantur,
327 4130 425 4196 lumen
446 4131 577 4216 recepit,
608 4149 662 4211 eo,
694 4130 774 4212 quod
799 4131 971 4215 pervisum
995 4132 1090 4194 noctis
1114 4130 1238 4195 vidisset
