2692 4666
567 1228 708 1300 VITA

293 1407 977 1532 §.innupsit

414 1611 684 1663 MEDIOLANENSIS
706 1612 857 1662 EPISCOPI
956 1657 962 1669 ,

627 1755 642 1790 Α

357 1881 562 1965 ricuino
601 1881 911 1950 consonum.

533 2074 739 2084 ——-————--s

175 2227 201 2290 1.
245 2207 398 2313 Hortaris,
422 2234 601 2297 venerabilis
625 2216 709 2314 pater
732 2234 913 2317 Augustino,
937 2241 985 2312 ut,
1008 2233 1085 2296 sicut
1107 2234 1184 2296 beati

83 2343 140 2404 viri
162 2343 343 2409 Athanasius
367 2346 527 2428 episcopus
555 2352 584 2408 et
607 2347 806 2428 Hieronymus
836 2347 996 2428 presbyter
1018 2347 1085 2410 stilo
1108 2366 1185 2428 pro-

84 2459 181 2520 secuti
198 2465 266 2521 sunt
279 2461 369 2522 vitam
385 2467 555 2522 sanctorum
571 2461 651 2523 Pauti
667 2467 696 2522 et
707 2461 829 2523 Antonii
846 2460 874 2522 in
891 2478 993 2522 eremo
1010 2461 1184 2542 positorum,

83 2573 160 2634 sicut
192 2573 277 2634 etiam
301 2573 418 2636 Martini
448 2575 627 2638 venerabilis
659 2576 793 2657 episcopi
822 2574 1006 2636 Turonensis
1038 2575 1185 2637 ecclesiae

84 2685 216 2750 Severus
247 2704 355 2750 servus
387 2689 434 2750 dei
465 2707 605 2752 sermono
634 2691 805 2767 contexuit,
837 2690 880 2751 sic
909 2690 997 2750 etiam
1025 2706 1084 2772 ego
1107 2689 1187 2751 beati

83 2801 234 2863 Ambrosii
252 2802 385 2882 episcopi
400 2801 631 2864 Mediolanensis
654 2802 801 2865 ecclesiae
824 2819 892 2863 meo
914 2819 1084 2882 prosequar
1106 2801 1184 2865 stilo.

84 2915 145 2980 Sed
177 2933 235 2998 ego
264 2924 296 2977 ut
324 2917 436 2979 meritis
460 2925 607 2980 tantorum
636 2919 786 2996 virorum,
819 2917 869 2997 qui
892 2917 967 2978 muri
991 2914 1184 2978 ecclesiarum

84 3034 153 3091 sunt
184 3035 213 3090 et
242 3030 431 3110 eloquentiae
461 3029 580 3107 tontes,
615 3029 654 3090 ita
685 3030 771 3091 etiam
802 3045 943 3091 sermone
973 3044 1021 3087 me
1052 3026 1185 3106 inparem

82 3141 163 3203 novi.
202 3142 312 3203 Tamen
336 3141 404 3222 quia
428 3141 587 3204 absurdum
610 3158 680 3203 esse
703 3141 819 3221 opinor,
842 3140 922 3221 quod
946 3139 1102 3221 praecipis,
1128 3139 1186 3202 de·

83 3254 211 3332 clinare,
242 3272 293 3332 ea,
325 3271 401 3334 quae
430 3272 446 3315 a
475 3253 689 3333 probatissimis
711 3253 799 3331 viris,
830 3254 881 3333 qui
902 3250 942 3313 nn
965 3256 1032 3312 ante
1056 3269 1103 3312 me
1126 3251 1185 3312 ad·

82 3367 231 3446 stiterunt,
256 3373 285 3428 et
307 3367 433 3428 maxime
456 3384 472 3426 a
488 3383 595 3428 sorore
612 3366 702 3447 ipsius
719 3365 884 3427 venerabili
899 3363 1069 3427 Marcellino
1087 3365 1184 3445 didici,

81 3480 133 3542 vel
155 3498 234 3561 quae
257 3481 321 3562 ipse
344 3479 415 3558 vidi,
438 3497 504 3541 cum
527 3478 569 3541 illi
591 3479 749 3557 adstarem,
772 3478 822 3541 vel
845 3497 922 3560 quae
938 3480 974 3541 ab
990 3479 1026 3540 iis
1043 3480 1184 3561 cognovi,

81 3595 133 3675 qui
162 3594 243 3657 illum
274 3595 302 3655 in
334 3593 460 3655 diversis
491 3593 653 3673 provinciis
685 3601 754 3674 post
783 3592 892 3654 obitum
922 3593 986 3655 eius
1016 3593 1185 3655 sevidisse

81 3714 257 3786 narrarunt,
288 3706 337 3769 vel
366 3725 443 3787 quae
466 3705 503 3768 ad
525 3707 604 3770 illum
627 3707 737 3789 scripta
758 3713 843 3786 sunt,
877 3726 942 3769 cum
965 3707 1060 3770 adbuc
1084 3708 1185 3770 obisse

80 3820 265 3899 nesciretur,
295 3818 410 3882 adiutus
433 3820 617 3884 orationibus
641 3821 698 3883 tuis
723 3827 752 3883 et
774 3821 886 3882 meritis
910 3821 981 3882 tanti
1012 3822 1083 3900 viri,
1114 3820 1185 3884 licet

80 3932 194 3996 inculto
222 3952 380 4014 sermone,
411 3934 545 3997 breviter
574 3935 757 4016 strictimque
787 3935 969 4013 describam,
1000 3941 1032 3997 ut
1061 3934 1183 3997 lectoris

81 4046 211 4109 animum
241 4048 299 4111 etsi
328 4065 429 4112 sermo
462 4047 637 4128 offenderit,
667 4053 765 4111 amen
794 4047 924 4110 brevitas
955 4047 993 4110 ad
1022 4047 1182 4130 legendum

80 4166 244 4244 provocet,
274 4179 331 4225 nec
359 4161 522 4226 verborum
552 4162 628 4227 tucis
658 4163 812 4228 veritatem
836 4161 994 4242 obducam,
1026 4181 1083 4241 ne,
1114 4161 1182 4225 dum

152 4275 314 4327 Anaboura.
953 4274 975 4341 t
