2692 4666
161 312 203 378 36
606 311 631 365 s.
650 310 806 366 nnnuosu

160 473 302 554 vinculis,
326 472 429 537 frenos
452 474 557 538 lrabeat
580 493 670 555 suos,
698 474 803 555 qulbus
826 475 964 539 revocari
987 476 1081 556 possit
1103 476 1139 539 ad
1162 495 1250 540 men-

162 606 259 651 suram
267 608 277 666 3
308 606 463 653 sermones
494 587 628 670 proferat
658 588 732 650 libra
764 588 948 651 examinatos
978 589 1123 670 iustitiae,
1154 597 1187 652 ut
1214 592 1252 652 sit

161 705 292 790 gravitas
315 705 344 766 in
368 722 469 784 sensu,
492 704 522 765 in
546 696 691 767 sermone¹
709 703 836 786 pondus,
860 704 890 766 in
913 705 1012 768 verbis
1035 705 1149 769 modus.

573 976 742 1043 CAPUT
775 975 833 1042 IV.

158 1145 253 1198 Eadem
273 1144 388 1198 custodia
406 1143 573 1210 prospicitur,
599 1158 632 1193 ne
657 1143 780 1213 apravie
803 1143 926 1209 motibus,
950 1144 996 1197 sed
1019 1161 1034 1196 a
1057 1153 1128 1197 recta
1150 1145 1248 1196 ratione

256 1234 364 1302 prodeat
381 1233 477 1296 oratio,
496 1232 589 1299 inqua
608 1231 765 1297 potissimum
786 1231 859 1283 nobis
879 1230 993 1285 diabolus
1013 1233 1151 1286 insidiatur.

248 1391 297 1456 14.
342 1394 423 1456 Haeo
446 1393 471 1454 si
493 1392 641 1456 custodiat
663 1392 775 1475 aliquis,
798 1394 829 1455 tit
852 1394 946 1473 mitis,
968 1401 1154 1473 mansuetus,
1178 1411 1247 1457 mo-

159 1507 269 1572 destus.
308 1504 508 1570 Custodiendo
533 1507 610 1568 enim
633 1524 667 1568 os
688 1525 772 1570 suum
790 1513 819 1568 et
834 1506 990 1570 retinendo
1005 1507 1136 1590 linguam
1153 1523 1247 1585 suam,

158 1618 214 1685 dec
236 1621 317 1703 prius
341 1619 510 1701 loquendo,
538 1639 625 1700 quam
648 1622 814 1704 interroget
836 1628 866 1683 et
888 1621 1036 1704 expendat
1058 1628 1146 1702 atque
1170 1640 1247 1683 exa-

157 1737 249 1798 minet
271 1735 363 1797 verba
386 1753 450 1815 sua,
474 1736 499 1798 si
520 1733 676 1797 dicendum
695 1735 762 1814 hoc,
784 1737 810 1798 si
826 1735 982 1799 dicendum
997 1735 1141 1799 adversus
1159 1736 1247 1814 hunc,

158 1852 184 1915 si
206 1856 320 1931 tempus
344 1851 489 1913 sermonis
513 1849 599 1913 huius
622 1857 684 1930 est,
714 1851 740 1913 is
762 1850 900 1932 prolecto
925 1857 1047 1914 exercet
1072 1850 1247 1913 modestiam

157 1983 192 2027 ao
214 1964 470 2028 mansuetudinem
493 1971 522 2026 et
544 1965 728 2047 patientiam,
763 1973 796 2028 ut
824 1983 885 2029 non
915 1984 955 2029 ex
982 1966 1185 2048 indignatione
1218 1972 1248 2027 et

157 2080 201 2143 ira
223 2080 253 2141 in
276 2095 443 2142 sermonem
467 2085 609 2160 erumpat,
632 2098 694 2143 uon
717 2080 840 2144 alieuius
864 2081 1012 2162 passionis
1035 2079 1174 2144 indicium
1198 2078 1247 2141 det

157 2195 188 2256 in
211 2193 311 2255 verbis
330 2194 406 2277 suis,
429 2209 489 2254 non
512 2191 648 2254 ardorem
671 2192 799 2256 libidinis
822 2192 974 2257 dammare
987 2195 1018 2256 in
1032 2210 1173 2256 sermone
1190 2207 1245 2254 suo

157 2308 266 2371 indicet
297 2314 327 2369 et
356 2307 456 2369 inesse
487 2305 571 2368 dictis
603 2306 665 2369 suis
694 2307 827 2370 stimulos
855 2307 1042 2388 iracundiae,
1073 2326 1113 2369 ne
1145 2323 1245 2370 sermo

156 2394 320 2504 postrenio,
343 2420 392 2502 qui
416 2420 624 2483 commendare
647 2421 788 2485 interiora
804 2421 901 2502 debet,
924 2423 1025 2486 vitium
1041 2420 1161 2503 aliquod
1177 2437 1247 2484 esse

156 2542 187 2606 in
208 2542 339 2606 moribus
363 2538 475 2620 aperiat
498 2544 528 2600 et
550 2536 664 2618 prodat.

246 2653 293 2720 15.
340 2654 423 2716 'lunc
446 2650 524 2714 enim
552 2651 679 2713 maxime
705 2648 859 2712 insidiatur
889 2649 1096 2727 adversarius,
1127 2647 1247 2729 quando

157 2768 240 2831 videt
262 2767 348 2830 nobis
370 2764 526 2845 passiones
557 2761 669 2843 aliquas
700 2762 858 2845 generari5
889 2767 957 2824 tuno
987 2761 1105 2826 fomites
1137 2769 1248 2842 movet,

157 2883 281 2964 laqueos
303 2884 394 2962 parat.
439 2877 524 2939 Unde
546 2894 607 2939 non
629 2876 783 2956 inmerito,
814 2877 889 2940 sicut
919 2876 1026 2941 audisti
1056 2876 1145 2941 lrodie
1177 2876 1248 2960 legi,

159 2996 303 3079 propheta
326 2993 410 3057 dicit:
431 2988 458 3075 ¹)
495 2990 576 3065 Quia
604 2992 671 3069 ipae
701 2990 847 3054 liberauit
868 3011 914 3053 me
936 2992 973 3054 de
997 2993 1106 3073 laqueo
1128 3010 1247 3055 eenoc-

160 3111 234 3175 tc'um
256 3118 286 3172 et
307 3129 327 3172 a
348 3107 442 3170 verbo
465 3125 584 3188 aspero.
623 3105 814 3189 Symmachus
834 3106 1010 3170 imitationis
1026 3108 1150 3170 verbum
1165 3105 1249 3186 dixit,

160 3222 208 3286 alii
230 3219 468 3304 perturbationis.
512 3218 650 3299 Laqueus
673 3217 836 3282 adversarii
861 3239 960 3284 sermo
983 3229 1088 3285 noster
1110 3227 1173 3302 est,
1195 3220 1250 3284 sed

161 3335 248 3399 etiam
271 3336 335 3418 ipse
357 3351 419 3397 non
440 3330 535 3392 minus
558 3328 745 3394 adversarius
766 3331 861 3394 nobis.
898 3333 1060 3414 loquimur
1074 3335 1249 3416 plerumque

162 3449 241 3533 quod
271 3449 397 3531 excipiat
425 3445 558 3508 inimicus
590 3451 619 3506 et
647 3446 732 3527 quasi
762 3451 866 3509 nostro
892 3446 995 3531 'gladio
1025 3466 1081 3512 nos
1104 3449 1249 3512 vulneret.

162 3564 278 3639 Quanto
300 3554 481 3627 tolerabilius
503 3568 548 3624 est
571 3561 668 3624 alieno
691 3558 801 3643 gladio,
825 3579 912 3643 quam
935 3572 1038 3627 nostro
1062 3564 1188 3647 perire?

253 3675 301 3742 16.
346 3675 490 3757 Explorat
510 3693 585 3759 ergo
608 3675 798 3739 adversarius
821 3682 922 3740 nostra
952 3695 1032 3742 arma
1062 3686 1092 3742 et
1121 3679 1252 3742 oonoutit

164 3809 217 3871 sua
239 3792 305 3855 tela.
345 3789 376 3855 Si
398 3790 506 3853 viderit
527 3790 641 3853 moveri
664 3808 721 3870 me,
743 3790 848 3853 inserit
867 3791 988 3855 aculeos
1004 3810 1086 3873 suos,
1109 3798 1142 3856 ut
1156 3792 1250 3857 semi-

163 3907 246 3971 naria
260 3906 424 3990 iurgiorum
440 3904 556 3967 excitet.
585 3904 615 3969 si
631 3905 759 3968 emisero
776 3904 898 3969 verbum
915 3905 1098 3988 indecorum,
1112 3907 1251 3989 laqueum

173 4059 371 4072 ψ-

235 4145 425 4221 ηὴηᾶ
