2692 4666
265 310 270 315 ·
389 312 434 368 nu
454 313 593 369 ormous
611 313 836 369 urnrsraonuu
853 312 950 368 urana
966 314 996 369 n.
1176 319 1237 384 135

148 483 205 540 am
229 494 317 541 carus
338 483 403 540 erat
425 475 580 556 omnibus,
611 482 643 541 ut
666 476 782 539 iuvenis
806 475 842 538 ad
864 494 989 559 regnum
1014 479 1100 541 etiam
1131 478 1238 543 invitus

147 598 308 675 peteretur,
329 591 474 654 resistens
499 598 673 673 cogeretur,
696 608 800 670 senex,
825 607 864 653 ne
885 591 999 671 proelio
1023 594 1198 674 interesset,
1221 612 1238 656 a

146 707 208 770 sais
231 712 400 789 rogaretur,
423 703 504 786 quod
526 704 645 767 mallent
667 722 770 769 omnes
793 720 848 784 pro
872 703 937 784 ipso
960 706 1128 787 periclitari,
1152 727 1238 788 quam

145 819 225 883 illurn
247 837 303 901 pro
326 817 473 882 omnibus.

232 930 283 997 33.
328 932 369 996 lta
391 931 447 994 sibi
468 931 562 1014 gratis
585 928 691 992 officiis
718 931 837 1013 plebem
869 933 1070 1017 obligaverat,
1102 933 1236 1013 primum,

144 1055 177 1110 ut
205 1047 237 1110 in
265 1044 422 1110 discordiis
450 1045 552 1126 populi
582 1043 721 1107 exsulare
752 1047 782 1108 iu
804 1047 924 1110 Hebron
955 1048 1068 1126 mallet,
1087 1043 1116 1129 ¹)
1149 1065 1236 1127 quam

143 1178 275 1246 regnare
292 1155 539 1235 in'Hierusalem3
563 1157 679 1240 deinde,
703 1165 733 1220 ut
750 1160 836 1222 etiam
853 1161 882 1222 in
898 1161 983 1223 hoste
998 1161 1122 1243 positam
1139 1161 1235 1222 virtu-

143 1282 201 1339 tem
226 1275 380 1360 diligeret;
403 1275 539 1338 iustitiam
562 1274 649 1336 etiam
671 1274 727 1353 bis,
751 1277 800 1355 qui
823 1294 903 1337 arma
927 1283 1030 1339 contra
1053 1294 1087 1338 se
1109 1275 1234 1338 tulerant

142 1408 240 1471 aeque
263 1408 298 1452 ac
320 1390 382 1453 suis
405 1388 610 1472 praestandam
632 1395 749 1469 putaret
756 1408 765 1464 ;
799 1389 928 1472 denique
957 1388 1146 1451 fortissimum
1177 1387 1234 1450 ad-

108 1580 112 1592 ·
141 1521 251 1567 versae
282 1504 374 1586 partis
402 1509 655 1586 propugnatorem
684 1501 828 1565 Abenner
859 1503 964 1566 ducem
997 1511 1027 1566 et
1058 1502 1234 1565 inferentem

140 1617 258 1700 proelia
279 1619 400 1680 miratus
422 1624 483 1697 est,
508 1626 538 1680 ct
562 1625 695 1680 orantem
716 1618 798 1700 pacis
821 1619 944 1700 gratiam
967 1636 1027 1680 nou
1051 1623 1233 1700 aspernatus,
1301 1650 1304 1658 .

139 1732 303 1796 bonoravit
325 1732 480 1808 convivi03
506 1732 711 1811 interemptum
734 1730 846 1794 insidiis
870 1730 962 1794 doluit
985 1735 1014 1792 et
1036 1729 1133 1809 flevit,
1156 1748 1232 1812 pro-

140 1851 264 1907 secutus
286 1845 446 1923 exsequias
468 1843 645 1920 honestavit,
669 1848 793 1917 mortem
815 1843 904 1920 ultus,
928 1844 1127 1907 conscientiae
1146 1842 1232 1905 fidem

139 1959 297 2039 praestitit,
319 1976 408 2040 quam
429 1957 490 2020 filio
513 1959 591 2021 inter
606 1956 783 2020 hereditaria
798 1958 862 2019 iura
877 1958 1070 2038 transcripsit,
1084 1955 1115 2040 2)
1137 1958 1231 2041 magis

139 2070 295 2150 sollicitus,
318 2089 357 2133 ne
379 2071 549 2142 innocentis
568 2076 691 2133 mortem
715 2070 833 2132 inultam
853 2070 1045 2151 relinqueret,
1068 2088 1230 2153 quamquo

139 2202 224 2247 suam
247 2191 372 2248 mortem
394 2184 518 2248 doleret.

231 2295 281 2363 34.
326 2299 392 2362 Νοη
415 2300 566 2362 mediocre
590 2298 684 2377 istud,
706 2300 882 2381 praesertim
905 2300 935 2363 in
957 2319 1048 2383 rege,
1079 2302 1123 2363 sic
1146 2301 1230 2363 obire

139 2414 308 2479 humilitatis
330 2415 445 2501 munia,
478 2421 510 2476 ut
536 2433 720 2477 communem
751 2431 785 2476 se
814 2414 970 2477 exhiberet
998 2403 1084 2477 etiam
1114 2413 1230 2494 infimiS,
1299 2488 1301 2494 .

139 2530 238 2593 alieno
260 2529 395 2611 periculo
413 2529 514 2599 ,cibum
537 2547 597 2591 non
622 2546 785 2610 quaerere,
809 2536 910 2610 potum
933 2546 1083 2607 recusare,
1099 2525 1131 2611 ³)
1154 2547 1229 2609 pec-

138 2652 237 2709 catum
259 2642 359 2723 fateri,
382 2661 479 2725 seque
499 2646 596 2726 ipsum
617 2662 672 2727 pro
695 2645 806 2727 populo
831 2644 940 2707 offerre
962 2645 1067 2722 morti,
1090 2645 1172 2707 utin
1195 2661 1229 2705 se

131 2756 240 2823 divbra
259 2746 422 2841 indignatio
444 2756 694 2851 conuerteretur,
722 2777 788 2820 cum
811 2756 929 2820 ferienti
958 2759 1066 2841 angelo
1097 2757 1228 2821 offerens

137 2889 173 2936 se
196 2872 326 2936 diceret:
343 2868 375 2955 ⁴)
398 2873 480 2934 Ecca
502 2872 584 2952 abac,
609 2893 667 2955 ego
684 2846 830 2956 peccavi,
854 2882 884 2935 et
906 2892 961 2954 eqo
980 2881 1095 2952 postor
1117 2874 1227 2937 inulam

135 2986 211 3066 feci,
236 2996 265 3049 et
285 2988 343 3051 iste
364 3007 443 3068 grec
465 2990 543 3070 quid
562 2987 664 3067 fecit?
707 2988 780 3050 Fiat
800 3007 912 3050 monus
935 2995 988 3051 tao
1010 2989 1043 3049 in
1066 3008 1121 3051 me.

225 3099 276 3164 35.
314 3102 387 3164 Nam
410 3102 480 3185 quid
502 3103 558 3195 alia
581 3102 684 3182 dicam,
708 3102 788 3184 quod
812 3102 911 3166 dolum
937 3105 1142 3168 meditantibus
1165 3090 1226 3168 non

136 3217 290 3300 aperiebat
312 3235 347 3280 os
369 3235 464 3296 suum,
489 3224 518 3280 et
540 3225 685 3298 tamquam
708 3236 768 3281 non
793 3218 916 3281 audiens
932 3219 1042 3281 nullum
1058 3236 1226 3282 sermonem

136 3331 329 3396 referendum
356 3333 476 3414 putabat
482 3355 492 3410 3
510 3330 541 3417 ⁵)
572 3351 633 3396 non
663 3333 863 3414 respondebat
891 3335 1043 3412 convitiis3
1075 3353 1141 3396 cum
1170 3333 1225 3395 sibi

137 3450 353 3533 derogaretur,
379 3451 498 3527 orabat3
529 3469 595 3513 eum
617 3436 862 3530 malediceretur,
885 3449 1104 3514 benedicebat?
1148 3449 1224 3509 Am-

136 3565 242 3629 bulans
266 3565 296 3628 in
317 3564 518 3646 simplicitate,
542 3566 737 3646 superborum
760 3563 907 3647 fugitans,
937 3554 1069 3626 sectator
1089 3563 1224 3625 inmacu-

135 3681 280 3761 latorum,
312 3681 363 3762 qui
391 3680 522 3742 cinerem
553 3681 692 3743 miscebat
720 3680 864 3741 alimentis
893 3679 973 3758 suis,
1006 3696 1071 3739 cum
1101 3684 1223 3758 peccata

135 3797 258 3879 propria
280 3794 449 3877 deploraret
472 3803 501 3860 et
523 3805 623 3878 potum
646 3815 731 3860 suum
758 3796 939 3878 temperabat
968 3794 1110 3857 fletibus?
1154 3796 1222 3857 ble-

209 4065 357 4136 tramaeg
376 4065 402 4133 2,
421 4065 526 4135 2seqq.
570 4065 599 4131 2)
616 4064 679 4118 lbid.
698 4064 723 4131 3,
742 4063 776 4116 32
793 4080 864 4134 seqq.
909 4063 939 4134 3)
956 4063 1020 4117 lbid.
1039 4062 1082 4132 23,
1101 4062 1133 4116 13
1150 4079 1222 4187 seqq

135 4155 165 4222 4)
183 4153 247 4208 lbid.
266 4153 309 4223 24,
329 4153 370 4208 tt.
441 4153 575 4219 5.)Psalm
594 4152 637 4220 37,
658 4152 689 4204 14
708 4161 733 4204 et
751 4151 809 4204 alib.
897 4211 899 4215 ¹
