2692 4666
180 344 242 410 ‘276
601 338 855 392 nonornnonns

180 503 272 551 omittit
291 499 339 564 Bb,
357 508 399 551 uut
417 501 549 568 sequentia
568 468 620 551 sion
641 501 799 565 consciderat,
819 514 884 569 quae
903 500 928 551 in
946 500 977 551 W
998 516 1079 566 erese,
1099 501 1124 551 in
1144 499 1202 552 edd.
1221 499 1274 552 Coi.

180 602 211 637 sc
231 586 294 639 died.
316 588 407 638 omisso
427 594 492 637 sunt.
530 585 676 652 Suspicatur
695 587 723 638 d.
743 588 873 640 Ros-thius
889 587 906 637 1.
928 603 950 638 c.
968 595 1028 640 ente
1051 604 1105 641 non
1125 591 1278 642 eweiderot

182 673 309 724 excidisse
327 675 373 743 qui
391 689 438 725 eor
455 672 498 752 yel
516 676 562 742 qni
580 674 733 726 considium.

252 755 471 865 §.52‚1.'pton⁸'t
490 794 544 861 (uit.
564 797 574 847 i
591 810 605 845 e
624 811 677 845 sec.
697 811 730 845 ιιι.
749 798 888 864 superscr.)
907 795 952 860 W3
971 815 1024 851 otoo
1043 801 1205 864 considerat,
1224 815 1277 849 noo

179 903 327 973 praeterit?
344 908 408 956 boec
426 918 495 953 corso
514 901 602 968 opinio
607 919 618 964 ,·
632 886 704 952 'de-os·
718 905 861 969 propicius
880 903 926 966 (ite
941 917 990 968 pn,
1009 901 1115 967 posthac
1128 883 1276 969 e—anpro-

180 989 270 1059 pheto)
290 985 401 1056 denique
416 991 496 1042 dooo'd
512 991 614 1040 inducit
633 993 714 1037 exstet
730 989 756 1036 in
775 987 828 1050 hie3
856 1007 909 1042 eon
928 993 1093 1054 consideret,
1120 1007 1174 1043 noe
1192 1007 1276 1058 prae.

181 1092 263 1147 terto?
299 1097 369 1145 Haec
392 1109 463 1146 cono
487 1095 584 1161 opinio.
620 1076 673 1144 §fs
696 1095 820 1159 propheto
845 1079 880 1146 ἦ
901 1095 1004 1146 inducit
1027 1111 1073 1146 eos
1095 1095 1121 1145 iu
1147 1092 1237 1157 hbet,
1263 1109 1277 1141 n

182 1176 274 1250 quihus
293 1179 345 1232 tter
360 1195 392 1232 eo
411 1187 505 1230 tanturn
525 1177 659 1243 differunt,
685 1178 752 1247 quod
774 1179 832 1230 edu.
852 1183 960 1250 densique
978 1183 1094 1232 retinent.
1131 1185 1188 1235 Nou
1209 1198 1277 1233 coo-

181 1271 291 1334 es'dorot,
311 1286 364 1322 non
382 1271 468 1339 poterit.
500 1269 570 1320 Haec
588 1285 658 1321 cosso
677 1270 772 1334 opinio.
804 1271 922 1321 Sanctus
939 1272 1065 1338 propheto
1083 1270 1163 1322 dauid
1176 1270 1279 1321 inducit

183 1357 302 1407 scribitur
319 1349 344 1406 in
364 1354 412 1423 ttg.
450 1353 568 1406 Ceterum
587 1354 646 1406 iibri
665 1371 724 1406 mss.
744 1354 857 1406 Menace.
878 1369 960 1422 poene
984 1368 1072 1406 omnes
1097 1369 1153 1406 curn
1177 1353 1211 1406 Bu
1230 1371 1278 1405 ex-

183 1443 271 1494 hibent
287 1447 427 1512 proetere‘t,
456 1441 524 1509 qood
544 1442 567 1491 h.
588 1442 605 1492 l.
624 1457 671 1508 pro
689 1442 797 1509 perfecti
817 1440 899 1494 formu
917 1450 1045 1493 contrecta
1063 1444 1188 1511 praeterit
1206 1445 1278 1494 ecci-

183 1530 304 1597 piendum
322 1537 368 1580 eet.
407 1529 463 1580 Vid.
487 1533 576 1597 Wopo.
595 1528 613 1581 Ι.
632 1546 654 1580 c.
673 1545 699 1597 p.
719 1529 778 1580 tot.
817 1533 966 1596 Praeteriit,
986 1537 1014 1580 ut
1032 1528 1120 1598 reigo,
1141 1530 1235 1598 iegitur
1253 1532 1279 1581 in

185 1617 245 1669 th.
289 1617 314 1666 6.
334 1627 358 1669 ot
376 1619 506 1670 dicerunt
524 1619 719 1683 superscriptum
738 1618 764 1668 in
782 1617 830 1670 hid.
874 1617 899 1667 7.
918 1621 1048 1687 intelleget
1068 1615 1133 1680 Bne,
1155 1620 1280 1687 intoth'pot

184 1704 221 1757 Bb
242 1713 268 1756 et
286 1704 385 1772 Mcfflg,
404 1712 432 1755 ut
448 1705 537 1773 vulg„
557 1708 684 1775 intetiops't
703 1705 733 1754 W
753 1714 778 1756 et
798 1705 861 1767 hiae,
880 1709 1002 1775 irrisitips't
1020 1705 1060 1755 Mb
1080 1714 1105 1755 et
1125 1706 1278 1772 exemplaria

184 1791 239 1845 cot.
259 1810 289 1844 oc
307 1793 373 1844 Med.
410 1791 469 1844 Mox
486 1796 626 1861 respondet
643 1792 691 1843 soii
711 1790 746 1843 Be
765 1801 791 1843 et
810 1792 859 1859 hig,
880 1795 1016 1861 respondit
1033 1791 1088 1843 reii.
1125 1793 1150 1841 8.
1169 1794 1278 1844 lutetio-

184 1883 236 1952 ps'te
254 1880 293 1932 W.
318 1880 367 1931 tto.
390 1880 605 1949 Bops'ntetiips‘te
629 1881 707 1930 ceteri
731 1879 788 1930 iibri
811 1896 868 1931 mss.
895 1895 917 1930 c.
943 1880 1026 1931 editis.
1063 1879 1140 1943 Quod
1164 1881 1280 1947 sequitur

183 1984 323 2022 eunocum.
343 1966 437 2036 ttcdtg.
474 1965 498 2016 9.
518 1969 605 2020 oodr'ot
623 1966 658 2016 id.
672 1965 716 2017 lib.
746 1965 795 2016 Sed
808 1969 833 2016 in
846 1965 945 2017 Gracco
959 1973 999 2017 est
1009 1962 1095 2014 α’κοὺιι.
1133 1967 1174 2018 11.
1189 1976 1280 2037 orpuet

184 2066 210 2109 st
227 2059 272 2124 oui
291 2054 338 2118 W,
362 2064 455 2125 erpuet
472 2051 582 2121 (ἒλέγξει)
600 2057 733 2123 petrocio
755 2053 866 2105 Menace.
887 2052 949 2104 Boh.
969 2052 1072 2105 hmerb.
1092 2053 1189 2105 Ernsm.
1209 2051 1278 2104 Cost.

186 2141 275 2204 Boon,
302 2153 394 2210 orpuet
412 2150 459 2195 out
476 2144 521 2210 qni
538 2139 646 2205 Piston,
672 2146 760 2211 oryooit
779 2151 825 2195 out
842 2147 887 2210 qui
906 2141 946 2192 ed.
966 2140 1051 2204 uteo,
1076 2146 1165 2213 orpuit
1183 2145 1228 2209 qui
1245 2139 1281 2190 tto

186 2229 362 2296 editionesquc
381 2225 435 2278 Coi.
457 2227 533 2278 Maur.
554 2227 618 2279 Giib.
664 2227 931 2281 intromonte.
975 2228 1015 2277 tt.
1034 2246 1065 2281 co
1084 2223 1137 2279 our.⁴
1154 2227 1201 2280 Bb.
1240 2229 1279 2278 13.

186 2327 280 2371 euecta
297 2326 361 2369 eunt
379 2323 482 2366 tuentur
503 2317 552 2364 rnei
573 2313 629 2366 iibri
649 2331 736 2366 omnen
756 2323 863 2382 excepto
883 2314 928 2380 tte,
948 2317 991 2384 qui
1009 2317 1111 2366 inverso
1131 2315 1185 2366 ord.
1204 2313 1281 2365 hebet

72 2438 77 2443 ·
186 2414 250 2459 suot
267 2413 367 2457 coneto.
400 2401 492 2453 Contre
511 2404 537 2452 iu
557 2403 615 2453 edd.
630 2401 733 2454 Amerh.
754 2404 899 2471 ceterisque
919 2412 978 2454 ente
993 2403 1127 2454 hieurinern
1147 2418 1280 2470 perperam

186 2491 280 2560 legitur
296 2496 368 2563 fecto
385 2500 457 2544 suot.
497 2490 535 2544 15.
555 2489 773 2560 Praepositionem
791 2500 850 2542 eote
869 2508 948 2560 opere
967 2506 1017 2541 orn.
1038 2489 1076 2541 W.
1113 2489 1174 2541 Tuon
1196 2492 1219 2540 in
1239 2489 1281 2539 ed.

187 2576 252 2630 tteu.
272 2586 353 2629 exstet
373 2581 512 2632 incutere
531 2580 602 2638 (item
621 2577 684 2628 inire
704 2587 789 2630 entur.
826 2576 877 2627 Sed
888 2578 947 2628 trid.
968 2577 1058 2628 Celler.
1077 2587 1102 2644 p.
1122 2577 1186 2644 78),
1210 2576 1282 2627 hinhe

188 2666 295 2718 dontio
314 2677 417 2732 actore,
438 2681 486 2717 uec
505 2665 578 2717 eiiter
595 2681 633 2731 pr.
653 2664 764 2715 habebut
782 2664 833 2729 111,
851 2668 880 2717 in
898 2675 1006 2719 auctore
1025 2673 1065 2716 ont
1082 2660 1177 2732 legitur
1194 2667 1219 2714 in
1239 2663 1282 2715 Be.

188 2751 213 2802 2.
231 2752 264 2803 eb
283 2753 325 2803 irn-
344 2771 428 2820 supro
445 2763 516 2806 esset
534 2751 622 2803 scribit
636 2751 681 2802 Bo.
715 2751 790 2802 Voce.
804 2767 891 2820 seqq.:
911 2755 993 2804 enisos
1010 2755 1133 2803 tncritum
1151 2755 1285 2821 ipeororet

189 2851 272 2904 octor,
291 2847 380 2906 utpote
400 2842 425 2891 in
445 2841 685 2902 contenebratione,
703 2840 729 2889 iu
742 2838 783 2888 hdd
802 2838 858 2889 end.
873 2855 906 2889 ιιι.
920 2838 951 2889 ed
968 2854 1018 2907 mg.
1031 2837 1137 2889 eddidit.
1165 2836 1284 2889 Ceterum

190 2936 265 2979 octor
282 2925 402 2977 exhibent
421 2928 498 2978 etiem
519 2925 583 2977 ttbc.

262 3017 286 3078 9.
301 3015 344 3079 53,
359 3016 382 3066 1.
401 3025 443 3068 eet
460 3017 531 3068 eatis
544 3012 583 3062 W.
616 3011 680 3064 Dciu
698 3017 766 3082 qood
783 3029 829 3081 pro
849 3017 893 3082 qui
912 3013 986 3064 codd.
1006 3028 1094 3064 ornnes
1115 3020 1224 3080 excepto
1240 3011 1285 3078 hig.

296 3119 323 3171 P.
343 3120 384 3171 50.

262 3209 286 3259 3.
305 3218 329 3261 et
347 3206 521 3278 eeonpeii'uto]
538 3205 575 3258 ite
589 3206 629 3271 W,
650 3207 729 3259 ceteri
748 3223 770 3258 c.
785 3206 862 3257 editis
879 3220 929 3256 orn.
942 3216 973 3258 et.
1009 3207 1034 3258 t.
1048 3210 1118 3260 enim
1130 3205 1203 3257 abest
1215 3221 1230 3256 e
1244 3203 1287 3254 Bb.

254 3298 287 3361 >§.
301 3295 344 3358 51,
360 3297 381 3345 1.
399 3312 455 3365 eon
469 3310 516 3361 pro
535 3313 588 3348 noo
607 3293 644 3346 he
663 3302 690 3346 et
704 3294 836 3363 exemplet·
854 3293 921 3344 uteo.
953 3293 1014 3344 Turn
1032 3304 1134 3362 poteret
1151 3292 1210 3344 iibri
1229 3308 1288 3343 rnre.

183 3395 293 3446 ,omnen
313 3382 333 3430 ei
348 3382 459 3448 excipias
472 3379 523 3432 Bc.¹
546 3379 594 3432 Pro
607 3384 676 3435 satie
691 3383 863 3435 Mortibus
877 3380 995 3444 (Advers.
1009 3379 1104 3431 XXXV.
1116 3379 1158 3431 22.
1171 3395 1196 3446 p.
1209 3378 1288 3441 1627)

194 3472 261 3520 coni.
279 3485 370 3522 emtor.
407 3466 496 3519 Eidem
516 3471 541 3519 in
560 3477 671 3520 mentem
689 3470 773 3533 veuit,
800 3485 858 3520 curn
876 3471 902 3519 in
921 3468 1170 3521 membranis-sotus
1190 3474 1289 3518 exstare

194 3556 315 3620 vidisset,
342 3554 456 3607 feruoris
475 3567 564 3610 ototns
584 3572 641 3607 esse
659 3554 840 3608 reducendum.
878 3553 940 3620 „Est
959 3564 1042 3607 nutem
1061 3556 1176 3616 stotes“‚
1201 3552 1289 3620 inquit,

197 3645 361 3710 „compositio
385 3641 493 3695 hominis
516 3642 549 3694 ed
576 3642 760 3703 dimicandum,
787 3657 927 3709 quaecum
947 3638 1289 3692 conturbeturstutuhorno

196 3734 292 3782 moveri
310 3732 427 3783 dicitur.“
470 3732 495 3782 2.
514 3719 575 3785 esee
592 3749 677 3799 supro
694 3746 724 3782 ss
742 3732 855 3781 iudicem
875 3729 924 3792 111,
949 3747 1035 3798 supro
1053 3745 1113 3782 erse
1130 3745 1161 3780 oe
1178 3731 1291 3780 indicem

197 3817 254 3882 bib,
282 3837 366 3888 supro
390 3835 420 3871 se
443 3823 556 3874 iudicem
579 3836 639 3872 eoos
658 3817 707 3868 hid.
754 3817 779 3868 3.
803 3820 874 3886 soitit
892 3816 1018 3884 hihcdeig.
1055 3816 1112 3867 Mox
1132 3819 1218 3869 dicere
1237 3817 1293 3876 (oet

143 3940 145 3947 ι
197 3907 494 3974 doresuperscr.ehr.
515 3906 629 3974 ιιι,)11ιι,
651 3904 945 3960 dicereiterndibcdei.
983 3906 1007 3954 5.
1026 3907 1073 3971 fer
1090 3907 1140 3956 erit
1159 3901 1252 3970 hibcdg
1269 3918 1289 3952 c.

110 3997 113 4001 “
199 3992 239 4045 ed.
259 3990 331 4058 eon,
358 4001 482 4050 surrexit
508 3994 550 4046 111.
596 3993 620 4046 6.
646 3997 734 4048 oculis
762 3992 803 4044 ed.
829 3991 897 4044 Med.
943 3990 967 4043 6.
996 3993 1176 4047 comideroes‘t
1201 3989 1291 4040 idshei.

199 4080 224 4131 8·
244 4086 313 4136 enim
331 4082 404 4137 deest
421 4087 446 4136 in
459 4085 499 4136 W.
529 4083 591 4135 Tum
609 4085 680 4152 sopit
696 4086 781 4136 decern
800 4081 833 4134 sl.
850 4079 904 4132 ord.
924 4077 1045 4132 exhibent
1062 4076 1144 4129 lihcd.
1180 4077 1206 4128 9.
1222 4095 1290 4148 pro-

199 4173 310 4241 picodum
329 4172 423 4225 excidit
441 4174 465 4224 in
484 4169 529 4224 Bb.
579 4169 619 4221 tt.
645 4169 811 4223 Scribenhsu
831 4186 875 4224 m
893 4170 966 4224 eids't
983 4163 1127 4219 iubentibus
1146 4164 1217 4218 libris
1235 4180 1292 4217 ross.
