2692 4666
134 288 196 352 194
576 284 601 338 s.
620 280 776 338 nnoaosn

131 454 240 510 terram
274 460 344 508 esso
376 438 476 507 uatem
530 443 701 510 indecorum
734 446 873 528 putabant
905 445 1016 509 cedere
1045 447 1227 528 nationibus,

131 559 255 641 lapidari
274 558 374 641 potius
396 555 573 639 elegebant,
596 556 677 637 quod
704 556 868 620 minabatur
891 555 1035 639 populus,
1058 575 1147 637 quam
1169 559 1228 622 de-

131 668 242 733 cedere
267 669 304 731 de
327 667 493 731 honestate.
538 666 755 730 Dissuadebant
776 668 834 747 alii,
857 668 942 750 plebs
965 669 1154 751 reclamabat,
1177 671 1228 734 di-

131 801 203 847 cens
226 782 370 846 adversus
394 782 473 845 diras
497 789 529 844 et
551 799 674 863 asperas
696 789 805 864 gentes
828 782 937 844 bellum
960 780 1036 862 lore,
1059 782 1228 847 cadendum

130 899 186 960 sibi
209 899 239 960 in
262 898 388 978 proelio,
411 895 552 958 mulieres
574 912 643 958 suas
668 901 697 957 et
717 912 829 976 pueros
852 893 1011 976 direptioni
1033 894 1160 960 futuros.

218 1008 269 1075 55.
312 1010 434 1075 Exarsit
456 1009 566 1073 domini
588 1009 762 1092 indignatio,
784 1014 817 1071 ut
839 1026 943 1071 omnes
966 1009 1056 1073 vellet
1077 1009 1210 1091 perdere
1216 1032 1226 1088 ;

129 1127 184 1190 sed
213 1131 340 1208 rogante
362 1124 470 1208 lloyse
499 1124 677 1205 temperavit
704 1123 896 1204 sententiam,
928 1124 1071 1187 ultionem
1102 1122 1225 1204 distulit,

128 1241 200 1304 satis
230 1257 301 1304 esso
329 1236 450 1319 perfidis
480 1238 616 1319 supplicii
644 1236 795 1316 iudicans,
829 1244 860 1300 et
881 1238 908 1302 si
929 1243 1066 1318 parceret
1095 1236 1224 1317 interim,

130 1370 187 1414 nec
205 1357 377 1434 percuteret
398 1349 583 1427 incredulos3
606 1349 732 1413 adeam
754 1357 849 1413 umen
872 1356 999 1430 terram,
1021 1369 1108 1431 quam
1131 1369 1224 1414 recu-

128 1470 283 1544 saverant,
313 1470 436 1545 propter
458 1463 670 1528 incredulitatis
693 1482 766 1528 suae
788 1443 915 1547 pretium
937 1483 998 1528 non
1018 1466 1222 1546 pervenirent,

127 1578 183 1642 sed
204 1576 290 1659 pueri
312 1581 342 1638 et
363 1575 522 1655 mulieres,
556 1575 606 1657 qui
634 1593 696 1639 non
727 1575 1031 1657 immurmuraverant,
1066 1577 1117 1640 vel
1145 1596 1222 1641 sexu

128 1693 177 1754 vel
199 1696 295 1754 aetate
317 1689 496 1768 veniabiles,
528 1696 671 1771 caperent
693 1691 757 1754 eius
779 1697 878 1754 terrae
900 1692 1074 1772 promissam
1097 1691 1221 1756 beredi-

128 1809 225 1866 tatem.
269 1801 405 1881 Denique
427 1801 605 1881 quicumque
628 1807 713 1864 erant
727 1821 745 1865 a
758 1802 903 1865 vicesimo
925 1821 1004 1867 anno
1027 1811 1057 1866 et
1079 1823 1170 1886 supra
1191 1807 1221 1869 in

127 1917 267 1995 deserto,
290 1934 393 1978 eurum
416 1917 547 1979 membra
569 1914 758 1993 oeciderunt3
790 1916 844 1979 sed
866 1917 991 1980 aliorum
1013 1917 1103 1981 dilata
1122 1938 1221 2002 poena

127 2038 182 2094 est.
223 2032 281 2105 Qui
302 2036 400 2093 autem
422 2028 623 2094 ascenderunt
646 2049 712 2094 oum
733 2029 802 2094 lesu
824 2036 855 2094 et
876 2030 1107 2094 dissuadendum
1130 2039 1220 2115 puta-

112 2133 254 2223 uerunt,
288 2143 377 2226 plaga
399 2144 475 2207 mala
505 2145 601 2207 statim
622 2145 731 2208 mortui
753 2151 837 2222 sunt;
871 2145 954 2209 lesus
977 2163 1052 2209 vcro
1076 2153 1106 2208 et
1130 2145 1219 2210 Galeb

127 2274 194 2318 cam
216 2257 338 2319 innoxia
361 2262 457 2318 aetate
480 2256 529 2318 vel
551 2274 627 2318 sexu
651 2257 681 2319 in
704 2263 815 2321 terram
837 2258 1042 2340 promissionis
1064 2259 1218 2324 intrarunt

213 2366 264 2434 56.
307 2370 378 2433 Pars
401 2369 492 2453 igitur
513 2370 620 2433 melior
640 2371 767 2454 gloriam
789 2371 876 2434 saluti
897 2372 1051 2453 praetulit,
1087 2373 1219 2439 deterior

126 2485 252 2548 salutem
277 2483 434 2548 honestati.
477 2484 585 2548 Divina
611 2491 710 2548 autem
736 2487 885 2549 sententia
912 2504 966 2550 eos
992 2487 1139 2568 probavit,
1169 2489 1218 2571 qui

125 2598 252 2661 honesta
267 2597 387 2660 utilibus
402 2605 555 2679 praestare
570 2599 802 2677 arbitrabantur3
825 2617 879 2665 eos
901 2618 977 2663 vero
1000 2600 1218 2680 condemnavit,

125 2712 202 2793 apud
225 2728 300 2792 quos
323 2730 376 2791 ea,
409 2728 485 2791 quac
507 2710 684 2774 videbantur
705 2711 790 2775 saluti
812 2712 929 2794 potius,
961 2730 1048 2793 quom
1068 2713 1217 2778 honestati

125 2822 332 2901 adcommoda,
354 2823 641 2904 praeponderabant.

537 3003 708 3072 oneum
743 3006 804 3071 rx.
1240 2992 1252 3105 ,t

123 3155 236 3208 Fraudes
254 3164 281 3208 et
298 3156 383 3223 turpia
400 3155 470 3207 lucra
494 3155 600 3206 maxime
625 3154 753 3206 dedecere
781 3152 904 3220 clericos,
932 3169 1039 3223 quorum
1057 3163 1098 3208 est
1114 3156 1216 3209 utilitati

123 3244 234 3294 omnium
252 3242 387 3304 inservire3
417 3240 474 3292 illue
491 3243 517 3292 in
535 3241 617 3292 causis
637 3241 791 3308 pecuniariis
811 3241 967 3293 intervenire
988 3257 1148 3312 nequaquam
1166 3245 1182 3296 d
1199 3268 1213 3283 ·

122 3327 195 3394 berc,
214 3343 289 3380 secus
306 3343 370 3380 uero
389 3330 414 3379 in
433 3327 592 3396 capitalibus.
627 3327 740 3393 Eisdem,
760 3343 792 3379 ne
811 3329 851 3379 eui
870 3329 946 3379 etiam
964 3327 1076 3381 lacessiti
1094 3261 1212 3409 bereng,

123 3413 265 3482 exemplum
283 3415 380 3483 David,
398 3432 449 3468 neu
468 3425 552 3468 autem
569 3417 646 3468 vitam
667 3415 791 3468 honestati
808 3415 965 3486 praeferant,
983 3415 1077 3468 caeder
1095 3415 1218 3470 Nabatli.
1249 3468 1255 3482 ,

586 3505 745 3572 proponitur.

138 3680 139 3689 η
207 3636 257 3701 57.
301 3638 380 3701 Nihil
402 3640 501 3720 itaque
524 3637 697 3718 deformius,
720 3657 808 3719 quam
822 3638 932 3702 nullum
947 3637 1059 3701 habero
1081 3618 1228 3703 amorem*

122 3751 284 3815 honestatis
307 3757 337 3813 et
357 3770 414 3814 usu
437 3754 565 3833 quodam
587 3750 747 3835 degeneris
769 3759 953 3814 mercaturae
976 3759 1104 3832 quaestu
1126 3753 1212 3816 solli--

122 3864 206 3926 citari
227 3863 360 3947 ignobili,
383 3881 474 3926 avaro
499 3869 637 3927 aestuare
659 3863 760 3943 corde,
788 3863 892 3927 diebus
914 3881 949 3927 ac
971 3865 1213 3928 noctibus-bime
1239 3886 1249 3982 p

121 3978 151 4039 in
175 3978 264 4041 alieni
288 3977 493 4041 detrimentum
516 3978 701 4058 patrimonii,
735 3996 795 4041 non
817 3977 919 4040 levare
942 3979 1069 4041 animum
1091 3977 1134 4040 ad·
1151 3978 1212 4042 lto·
1237 3970 1250 4027 '³

121 4092 244 4154 nestatis
266 4092 409 4171 nitorem,
432 4110 493 4154 non
515 4076 707 4157 considerare
730 4110 821 4156 verae
837 4091 931 4156 laudis
954 4079 1211 4175 pulchritudinem.
1243 4066 1247 4075 ¹
