2692 4666
503 322 527 376 s.
548 322 713 376 nnoaosu.
1111 317 1152 390 'pr
1164 363 1192 403 ᾗ

57 492 235 566 precaturus
264 501 321 565 pro
353 483 413 562 eis,
449 484 556 564 quibus
586 484 673 547 facile
702 484 790 546 venia
818 486 962 566 inpetrata
991 493 1053 565 est,
1085 487 1154 567 quia

58 600 243 662 Christianus
266 600 426 681 imperator
448 600 624 680 provolutus
645 599 680 662 ad
698 572 792 681 pedes
809 599 974 662 sacerdotis
992 600 1155 664 testabatur

58 717 171 777 meritis
196 720 225 777 et
248 714 429 778 orationibus
453 716 517 777 eius
540 732 575 777 se
598 733 667 778 esse
691 720 849 778 servatum.

148 826 198 892 32.
242 827 409 890 Revertens
432 829 532 908 itaque
557 826 594 889 de
609 828 683 890 urbe
698 826 884 908 Aquileiensi
908 848 968 892 uno
992 827 1040 890 die
1062 847 1155 910 prae-

57 944 149 1005 cessit
178 924 403 1023 imperatorem,
437 961 494 1004 nec
518 942 567 1004 diu
591 943 837 1005 clementissimae
866 945 1026 1006 memoriae
1050 944 1154 1007 Theo·

59 1055 163 1119 dosius
187 1057 348 1136 imperator
371 1056 520 1136 susceptis
543 1055 609 1118 liliis
625 1056 654 1117 in
671 1056 798 1118 ecclesia
816 1062 845 1117 et
868 1055 981 1118 traditis
1006 1056 1155 1120 sacerdoti

57 1172 88 1232 in
111 1171 168 1233 hac
185 1172 252 1233 luce
270 1169 332 1232 fuit.
376 1171 447 1232 Post
470 1171 554 1233 cuius
578 1171 688 1232 obitum
712 1170 778 1234 fere
800 1171 958 1234 triennium
981 1171 1155 1250 supervixit.

52 1285 125 1359 ‚Quo
150 1287 179 1346 in
203 1291 338 1366 tempore
361 1285 455 1346 sancti
476 1284 595 1346 Nazarii
618 1287 755 1367 martyris
779 1303 907 1366 corpus,
935 1283 1015 1364 quod
1040 1284 1155 1347 eratin

57 1398 145 1462 horto
169 1401 296 1480 positum
320 1405 405 1460 extra
432 1398 597 1476 civitatem,
628 1398 757 1459 levatum
784 1398 821 1460 ad
846 1398 996 1461 basilicam
1028 1404 1156 1480 aposto-

57 1513 172 1590 lorum,
206 1532 282 1593 quae
315 1519 361 1575 est
390 1513 421 1573 in
451 1512 600 1590 Romana,
634 1512 788 1575 transtulit.
834 1511 966 1575 Vidimus
998 1518 1096 1577 aurem
1125 1513 1155 1575 in

58 1625 239 1707 sepulchro,
271 1625 301 1686 in
334 1642 393 1704 quo
425 1625 540 1686 iacebat
569 1642 679 1706 corpus
711 1626 862 1708 martyris,
893 1627 942 1708 qui
977 1627 1096 1706 quando
1120 1628 1157 1690 sit

58 1757 181 1820 passus,
206 1756 302 1821 usque
327 1740 355 1800 in
379 1739 557 1802 hodiernum
588 1741 667 1802 scire
689 1758 750 1802 non
772 1759 948 1822 possumus,
982 1744 1156 1826 sanguinem

58 1854 200 1936 martyris
224 1854 263 1916 ita
286 1861 455 1932 recentem,
479 1855 564 1935 quasi
588 1854 691 1917 eadem
709 1854 757 1917 die
774 1855 880 1918 luisset
901 1854 1023 1918 effusus.
1064 1855 1157 1938 Caput

58 1970 146 2031 etiam
179 1969 289 2050 ipsius,
321 1968 401 2048 quod
435 1968 471 2030 ab
502 1968 597 2052 impiis
626 1969 723 2032 luerat
750 1971 912 2050 abscisum,
945 1971 984 2032 ita
1010 1972 1157 2053 integrum

58 2089 148 2162 atque
172 2063 374 2162 incorruptum
400 2099 466 2142 cum
489 2081 601 2161 capillis
632 2083 735 2163 capitis
758 2090 847 2163 atque
875 2082 981 2162 barba,
1013 2092 1045 2147 ut
1070 2085 1156 2147 nobis

60 2194 215 2258 videretur
247 2194 354 2257 eodem
377 2200 529 2276 tempore,
561 2214 621 2276 quo
649 2197 821 2277 levabatur,
851 2197 943 2260 lotum
967 2205 1055 2280 atque
1079 2217 1157 2262 con-

59 2310 187 2390 positum
206 2309 234 2370 in
254 2308 421 2391 sepulchro.
467 2309 504 2371 Et
522 2309 592 2389 qnid
615 2311 736 2390 mirum,
760 2309 998 2392 quandoquidem
1022 2312 1157 2376 dominus

11 2382 14 2511 d
59 2423 116 2486 hoc
140 2424 170 2485 in
194 2422 351 2506 evangelio
374 2429 442 2485 ante
464 2425 599 2504 promisit
625 2425 704 2506 quod
728 2426 849 2508 capillus
874 2424 1029 2508 decapite
1053 2445 1156 2491 eorum

13 2597 14 2621 ξ
59 2556 120 2601 non
143 2537 279 2618 peribit?
299 2535 327 2620 ¹)
371 2537 464 2600 Etiam
488 2538 583 2605 odore
606 2545 686 2602 tanto
709 2539 815 2622 repleti
835 2557 949 2620 sumus,
973 2547 1006 2603 ut
1028 2542 1156 2604 omnium

13 2642 15 2743 ξ
60 2658 222 2716 aromatum
245 2652 380 2714 vinceret
402 2651 583 2714 suavitatem.

13 2778 16 2880 q
148 2763 198 2829 33.
245 2766 310 2839 Ouo
334 2765 434 2828 levato
458 2783 587 2847 corpore
610 2767 748 2848 martyris
772 2774 802 2828 et
817 2768 847 2828 in
869 2766 974 2829 lectica
997 2765 1155 2845 conposito

59 2881 157 2944 statim
189 2878 226 2942 ad
259 2886 391 2943 sanctum
423 2879 541 2943 Celsum
572 2888 748 2963 martyrem,
787 2881 837 2961 qui
868 2880 898 2942 in
932 2877 1038 2942 eodem
1067 2878 1155 2942 horto

59 2996 173 3077 positus
202 3001 262 3075 est,
292 3013 357 3057 cum
387 3001 491 3058 sancto
523 2995 681 3059 sacerdote
705 2995 740 3059 ad
765 2996 930 3059 orationem
957 2994 1155 3074 perreximus.

59 3109 225 3188 Numquam
254 3112 350 3169 tamen
382 3107 462 3170 illum
487 3114 555 3172 ante
579 3126 683 3171 orasse
706 3109 736 3169 in
760 3107 866 3171 eodem
889 3108 958 3170 loco
983 3113 1156 3189 conpertum

59 3221 202 3284 habemus
209 3242 219 3298 3
254 3220 308 3284 sed
331 3223 390 3285 hoc
413 3229 477 3284 erat
500 3224 617 3304 signum
640 3223 765 3285 revelati
796 3222 949 3304 martyris,
980 3222 1006 3283 si
1036 3227 1156 3284 sanctus

12 3342 13 3355 ¹
59 3335 203 3399 sacerdos
226 3335 263 3398 ad
285 3336 400 3417 locum,
433 3336 469 3399 ad
493 3356 582 3417 quem
605 3355 763 3416 numquam
787 3342 873 3398 antea
895 3335 1010 3414 fuerat,
1040 3342 1156 3398 oratum

58 3452 141 3513 isset.
187 3449 391 3532 cognovimus
424 3453 522 3510 tamen
552 3467 568 3509 a
599 3448 771 3511 custodibus
800 3447 860 3510 loci
892 3447 1001 3529 ipsius,
1035 3445 1156 3526 quoda

57 3564 231 3646 parentibus
255 3565 317 3628 suis
340 3563 397 3625 illis
424 3561 561 3624 traditum
591 3563 645 3641 sit,
677 3580 739 3624 non
772 3560 927 3624 discedere
950 3560 988 3622 de
1012 3560 1081 3623 loco
1104 3560 1154 3623 illo

58 3697 255 3760 peromnem
285 3677 511 3761 generationem
544 3685 574 3740 et
605 3677 781 3758 progeniem
813 3693 949 3753 suorum,
985 3692 1040 3753 eo,
1074 3672 1155 3755 quod

58 3790 192 3853 thesauri
219 3791 319 3874 magni
340 3789 371 3850 in
394 3789 501 3852 ecdem
531 3789 600 3852 loco
629 3789 717 3870 positi
747 3793 856 3851 essent.
901 3787 938 3851 Et
960 3807 1033 3851 vere
1056 3789 1156 3870 magni

58 3904 208 3985 thesauri,
239 3923 317 3986 qnos
340 3923 402 3967 non
426 3922 560 3984 ceramo,
590 3923 689 3985 aeque
712 3905 797 3966 tinec
820 3904 1024 3981 ceremiam,
1057 3921 1154 3986 neque

132 4150 158 4215 1)
176 4150 235 4204 Luc.
255 4149 298 4216 21,
318 4147 350 4201 18
369 4157 395 4202 ct
414 4148 456 4215 12,
474 4149 499 4202 7.
518 4150 521 4157 '
537 4147 625 4202 lllatth.
644 4147 686 4213 lc,
706 4146 747 4201 30.

112 4245 271 4297 Aunrosrus.
925 4241 947 4306 2
