<?xml version="1.0" encoding="UTF-8"?>
<!DOCTYPE html PUBLIC "-//W3C//DTD XHTML 1.0 Transitional//EN"
    "http://www.w3.org/TR/xhtml1/DTD/xhtml1-transitional.dtd">
<html xmlns="http://www.w3.org/1999/xhtml" xml:lang="en" lang="en">
 <head>
  <title>
</title>
<meta http-equiv="Content-Type" content="text/html;charset=utf-8" />
  <meta name='ocr-system' content='tesseract 3.04.00' />
  <meta name='ocr-capabilities' content='ocr_page ocr_carea ocr_par ocr_line ocrx_word'/>
</head>
<body>
  <div class='ocr_page' id='page_1' title='image "./deofficiisminis00krabgoog_0102.png"; bbox 0 0 2692 4666; ppageno 0'>
   <div class='ocr_carea' id='block_1_1' title="bbox 343 313 1191 431">
    <p class='ocr_par' dir='ltr' id='par_1_1' title="bbox 343 313 1191 431">
     <span class='ocr_line' id='line_1_1' title="bbox 343 313 1191 431; baseline 0.001 -61"><span class='ocrx_word' id='word_1_1' title='bbox 343 314 389 370; x_wconf 87' lang='lat' dir='ltr'><strong>mr</strong></span> <span class='ocrx_word' id='word_1_2' title='bbox 407 313 545 370; x_wconf 81' lang='lat' dir='ltr'><strong>orrrcus</strong></span> <span class='ocrx_word' id='word_1_3' title='bbox 564 315 790 370; x_wconf 86' lang='lat' dir='ltr'><strong>umrsrnonou</strong></span> <span class='ocrx_word' id='word_1_4' title='bbox 808 317 942 431; x_wconf 58' lang='lat' dir='ltr'><strong>inpar</strong></span> <span class='ocrx_word' id='word_1_5' title='bbox 1148 323 1191 389; x_wconf 83' lang='lat'><strong>85</strong></span> 
     </span>
    </p>
   </div>
   <div class='ocr_carea' id='block_1_2' title="bbox 37 473 1193 3621">
    <p class='ocr_par' dir='ltr' id='par_1_2' title="bbox 37 473 1193 1466">
     <span class='ocr_line' id='line_1_2' title="bbox 191 473 1193 558; baseline 0.003 -17"><span class='ocrx_word' id='word_1_6' title='bbox 191 473 263 542; x_wconf 83' lang='grc'><strong>152.</strong></span> <span class='ocrx_word' id='word_1_7' title='bbox 316 477 508 541; x_wconf 80' lang='lat' dir='ltr'><strong>Advertimus</strong></span> <span class='ocrx_word' id='word_1_8' title='bbox 551 475 798 558; x_wconf 78' lang='lat' dir='ltr'><strong>quemadmodum</strong></span> <span class='ocrx_word' id='word_1_9' title='bbox 835 486 865 541; x_wconf 88' lang='lat' dir='ltr'><strong>et</strong></span> <span class='ocrx_word' id='word_1_10' title='bbox 897 478 1127 543; x_wconf 82' lang='lat' dir='ltr'><strong>benivolentiam</strong></span> <span class='ocrx_word' id='word_1_11' title='bbox 1162 487 1193 544; x_wconf 89' lang='lat' dir='ltr'><strong>et</strong></span> 
     </span>
     <span class='ocr_line' id='line_1_3' title="bbox 88 587 1192 674; baseline 0.004 -21"><span class='ocrx_word' id='word_1_12' title='bbox 88 588 296 653; x_wconf 87' lang='lat' dir='ltr'><strong>liberalitatem</strong></span> <span class='ocrx_word' id='word_1_13' title='bbox 328 594 358 652; x_wconf 87' lang='lat' dir='ltr'><strong>et</strong></span> <span class='ocrx_word' id='word_1_14' title='bbox 387 587 507 651; x_wconf 90' lang='lat' dir='ltr'><strong>modum</strong></span> <span class='ocrx_word' id='word_1_15' title='bbox 539 587 754 669; x_wconf 87' lang='lat' dir='ltr'><strong>conprehendit</strong></span> <span class='ocrx_word' id='word_1_16' title='bbox 781 596 812 651; x_wconf 89' lang='lat' dir='ltr'><strong>et</strong></span> <span class='ocrx_word' id='word_1_17' title='bbox 841 589 968 652; x_wconf 86' lang='lat' dir='ltr'><strong>fructum</strong></span> <span class='ocrx_word' id='word_1_18' title='bbox 998 598 1087 674; x_wconf 85' lang='lat' dir='ltr'><strong>atque</strong></span> <span class='ocrx_word' id='word_1_19' title='bbox 1116 611 1192 674; x_wconf 91' lang='lat' dir='ltr'><strong>per·</strong></span> 
     </span>
     <span class='ocr_line' id='line_1_4' title="bbox 89 701 1192 783; baseline 0.003 -16"><span class='ocrx_word' id='word_1_20' title='bbox 89 720 192 767; x_wconf 77' lang='lat' dir='ltr'><strong>sonas</strong></span> <span class='ocrx_word' id='word_1_21' title='bbox 235 702 308 766; x_wconf 91' lang='lat' dir='ltr'><strong>ldeo</strong></span> <span class='ocrx_word' id='word_1_22' title='bbox 338 701 478 781; x_wconf 90' lang='lat' dir='ltr'><strong>modum,</strong></span> <span class='ocrx_word' id='word_1_23' title='bbox 510 702 578 782; x_wconf 88' lang='lat' dir='ltr'><strong>quia</strong></span> <span class='ocrx_word' id='word_1_24' title='bbox 604 701 777 783; x_wconf 79' lang='lat' dir='ltr'><strong>inperfectis</strong></span> <span class='ocrx_word' id='word_1_25' title='bbox 807 701 894 765; x_wconf 88' lang='lat' dir='ltr'><strong>dabat</strong></span> <span class='ocrx_word' id='word_1_26' title='bbox 924 705 1096 782; x_wconf 83' lang='lat' dir='ltr'><strong>consilium3</strong></span> <span class='ocrx_word' id='word_1_27' title='bbox 1129 724 1192 770; x_wconf 90' lang='lat' dir='ltr'><strong>non</strong></span> 
     </span>
     <span class='ocr_line' id='line_1_5' title="bbox 90 814 1191 898; baseline 0 -18"><span class='ocrx_word' id='word_1_28' title='bbox 90 817 171 880; x_wconf 81' lang='lat' dir='ltr'><strong>enim</strong></span> <span class='ocrx_word' id='word_1_29' title='bbox 197 817 349 898; x_wconf 89' lang='lat' dir='ltr'><strong>patiuntur</strong></span> <span class='ocrx_word' id='word_1_30' title='bbox 381 816 535 898; x_wconf 73' lang='lat' dir='ltr'><strong>angustias</strong></span> <span class='ocrx_word' id='word_1_31' title='bbox 563 815 620 877; x_wconf 90' lang='lat' dir='ltr'><strong>nisi</strong></span> <span class='ocrx_word' id='word_1_32' title='bbox 650 814 815 896; x_wconf 88' lang='lat' dir='ltr'><strong>inperfecti.</strong></span> <span class='ocrx_word' id='word_1_33' title='bbox 860 815 972 880; x_wconf 90' lang='lat' dir='ltr'><strong>Sedet</strong></span> <span class='ocrx_word' id='word_1_34' title='bbox 995 818 1021 879; x_wconf 91' lang='lat' dir='ltr'><strong>si</strong></span> <span class='ocrx_word' id='word_1_35' title='bbox 1044 818 1111 897; x_wconf 89' lang='lat' dir='ltr'><strong>quis</strong></span> <span class='ocrx_word' id='word_1_36' title='bbox 1134 837 1191 880; x_wconf 91' lang='lat' dir='ltr'><strong>ec-</strong></span> 
     </span>
     <span class='ocr_line' id='line_1_6' title="bbox 89 927 1192 1013; baseline 0.001 -19"><span class='ocrx_word' id='word_1_37' title='bbox 89 931 211 994; x_wconf 87' lang='lat' dir='ltr'><strong>clesiam</strong></span> <span class='ocrx_word' id='word_1_38' title='bbox 241 929 349 992; x_wconf 86' lang='lat' dir='ltr'><strong>nolens</strong></span> <span class='ocrx_word' id='word_1_39' title='bbox 376 947 521 1013; x_wconf 77' lang='lat' dir='ltr'><strong>gravare,</strong></span> <span class='ocrx_word' id='word_1_40' title='bbox 554 929 584 990; x_wconf 91' lang='lat' dir='ltr'><strong>in</strong></span> <span class='ocrx_word' id='word_1_41' title='bbox 607 927 779 991; x_wconf 91' lang='lat' dir='ltr'><strong>sacerdotio</strong></span> <span class='ocrx_word' id='word_1_42' title='bbox 809 929 910 1009; x_wconf 87' lang='lat' dir='ltr'><strong>atiquo</strong></span> <span class='ocrx_word' id='word_1_43' title='bbox 940 931 1117 994; x_wconf 87' lang='lat' dir='ltr'><strong>constitutus</strong></span> <span class='ocrx_word' id='word_1_44' title='bbox 1141 939 1192 995; x_wconf 89' lang='lat' dir='ltr'><strong>aut</strong></span> 
     </span>
     <span class='ocr_line' id='line_1_7' title="bbox 88 1041 1191 1123; baseline 0.001 -17"><span class='ocrx_word' id='word_1_45' title='bbox 88 1043 274 1122; x_wconf 74' lang='lat' dir='ltr'><strong>mmmerio,</strong></span> <span class='ocrx_word' id='word_1_46' title='bbox 303 1060 363 1105; x_wconf 89' lang='lat' dir='ltr'><strong>uon</strong></span> <span class='ocrx_word' id='word_1_47' title='bbox 395 1049 507 1121; x_wconf 89' lang='lat' dir='ltr'><strong>totum,</strong></span> <span class='ocrx_word' id='word_1_48' title='bbox 535 1041 616 1123; x_wconf 85' lang='lat' dir='ltr'><strong>quod</strong></span> <span class='ocrx_word' id='word_1_49' title='bbox 643 1042 746 1119; x_wconf 86' lang='lat' dir='ltr'><strong>babet,</strong></span> <span class='ocrx_word' id='word_1_50' title='bbox 777 1041 931 1120; x_wconf 83' lang='lat' dir='ltr'><strong>conferat,</strong></span> <span class='ocrx_word' id='word_1_51' title='bbox 962 1042 1017 1104; x_wconf 92' lang='lat' dir='ltr'><strong>sed</strong></span> <span class='ocrx_word' id='word_1_52' title='bbox 1047 1052 1191 1123; x_wconf 79' lang='lat' dir='ltr'>operetur</span> 
     </span>
     <span class='ocr_line' id='line_1_8' title="bbox 90 1155 1189 1237; baseline 0.001 -18"><span class='ocrx_word' id='word_1_53' title='bbox 90 1175 159 1219; x_wconf 85' lang='lat' dir='ltr'><strong>cum</strong></span> <span class='ocrx_word' id='word_1_54' title='bbox 177 1155 347 1234; x_wconf 87' lang='lat' dir='ltr'><strong>honestate,</strong></span> <span class='ocrx_word' id='word_1_55' title='bbox 370 1162 510 1236; x_wconf 87' lang='lat' dir='ltr'><strong>quantum</strong></span> <span class='ocrx_word' id='word_1_56' title='bbox 533 1155 633 1219; x_wconf 84' lang='lat' dir='ltr'><strong>officio</strong></span> <span class='ocrx_word' id='word_1_57' title='bbox 657 1157 729 1218; x_wconf 88' lang='lat' dir='ltr'><strong>satis</strong></span> <span class='ocrx_word' id='word_1_58' title='bbox 752 1163 808 1233; x_wconf 90' lang='lat' dir='ltr'><strong>est,</strong></span> <span class='ocrx_word' id='word_1_59' title='bbox 831 1173 892 1217; x_wconf 89' lang='lat' dir='ltr'><strong>non</strong></span> <span class='ocrx_word' id='word_1_60' title='bbox 914 1155 985 1218; x_wconf 89' lang='lat' dir='ltr'><strong>mibi</strong></span> <span class='ocrx_word' id='word_1_61' title='bbox 1005 1155 1189 1237; x_wconf 83' lang='lat' dir='ltr'><strong>inperfectus</strong></span> 
     </span>
     <span class='ocr_line' id='line_1_9' title="bbox 88 1268 1189 1351; baseline -0.001 -19"><span class='ocrx_word' id='word_1_62' title='bbox 88 1270 219 1332; x_wconf 84' lang='lat' dir='ltr'><strong>videtur.</strong></span> <span class='ocrx_word' id='word_1_63' title='bbox 262 1268 301 1330; x_wconf 86' lang='lat' dir='ltr'><strong>Et</strong></span> <span class='ocrx_word' id='word_1_64' title='bbox 322 1275 394 1350; x_wconf 91' lang='lat' dir='ltr'><strong>puto</strong></span> <span class='ocrx_word' id='word_1_65' title='bbox 417 1269 498 1351; x_wconf 91' lang='lat' dir='ltr'><strong>quod</strong></span> <span class='ocrx_word' id='word_1_66' title='bbox 520 1269 568 1331; x_wconf 91' lang='lat' dir='ltr'><strong>bic</strong></span> <span class='ocrx_word' id='word_1_67' title='bbox 590 1270 756 1351; x_wconf 84' lang='lat' dir='ltr'><strong>angustiam</strong></span> <span class='ocrx_word' id='word_1_68' title='bbox 778 1287 840 1331; x_wconf 90' lang='lat' dir='ltr'><strong>non</strong></span> <span class='ocrx_word' id='word_1_69' title='bbox 863 1269 969 1347; x_wconf 90' lang='lat' dir='ltr'><strong>animi,</strong></span> <span class='ocrx_word' id='word_1_70' title='bbox 993 1268 1055 1348; x_wconf 91' lang='lat' dir='ltr'><strong>sed</strong></span> <span class='ocrx_word' id='word_1_71' title='bbox 1070 1270 1116 1331; x_wconf 87' lang='lat' dir='ltr'><strong>rei</strong></span> <span class='ocrx_word' id='word_1_72' title='bbox 1139 1268 1189 1331; x_wconf 85' lang='lat' dir='ltr'><strong>sa-</strong></span> 
     </span>
     <span class='ocr_line' id='line_1_10' title="bbox 37 1381 431 1466; baseline -0.003 -21"><span class='ocrx_word' id='word_1_73' title='bbox 37 1438 54 1466; x_wconf 61' lang='lat'>„</span> <span class='ocrx_word' id='word_1_74' title='bbox 87 1383 212 1445; x_wconf 83' lang='lat' dir='ltr'><strong>mdiaris</strong></span> <span class='ocrx_word' id='word_1_75' title='bbox 236 1381 354 1444; x_wconf 82' lang='lat' dir='ltr'><strong>dixerit</strong></span> <span class='ocrx_word' id='word_1_76' title='bbox 428 1422 431 1426; x_wconf 16' lang='grc' dir='ltr'><strong>Δ</strong></span> 
     </span>
    </p>

    <p class='ocr_par' dir='ltr' id='par_1_3' title="bbox 85 1483 1189 2144">
     <span class='ocr_line' id='line_1_11' title="bbox 180 1483 1188 1578; baseline -0.001 -19"><span class='ocrx_word' id='word_1_77' title='bbox 180 1493 255 1560; x_wconf 79' lang='grc'><strong>153,</strong></span> <span class='ocrx_word' id='word_1_78' title='bbox 298 1496 345 1558; x_wconf 87' lang='lat' dir='ltr'><strong>De</strong></span> <span class='ocrx_word' id='word_1_79' title='bbox 366 1497 510 1578; x_wconf 88' lang='lat' dir='ltr'><strong>personis</strong></span> <span class='ocrx_word' id='word_1_80' title='bbox 529 1502 628 1558; x_wconf 88' lang='lat' dir='ltr'><strong>autem</strong></span> <span class='ocrx_word' id='word_1_81' title='bbox 650 1483 723 1578; x_wconf 83' lang='lat' dir='ltr'><strong>puto</strong></span> <span class='ocrx_word' id='word_1_82' title='bbox 746 1496 870 1559; x_wconf 89' lang='lat' dir='ltr'><strong>dietum:</strong></span> <span class='ocrx_word' id='word_1_83' title='bbox 900 1496 938 1558; x_wconf 76' lang='lat' dir='ltr'><strong>tta</strong></span> <span class='ocrx_word' id='word_1_84' title='bbox 959 1504 1067 1558; x_wconf 77' lang='lat' dir='ltr'><strong>cestra</strong></span> <span class='ocrx_word' id='word_1_85' title='bbox 1087 1496 1188 1559; x_wconf 59' lang='lat' dir='ltr'><strong>abun</strong></span> 
     </span>
     <span class='ocr_line' id='line_1_12' title="bbox 87 1607 1189 1688; baseline 0.001 -18"><span class='ocrx_word' id='word_1_86' title='bbox 87 1610 200 1671; x_wconf 60' lang='lat' dir='ltr'><strong>datia</strong></span> <span class='ocrx_word' id='word_1_87' title='bbox 228 1611 272 1671; x_wconf 77' lang='lat' dir='ltr'><strong>sit</strong></span> <span class='ocrx_word' id='word_1_88' title='bbox 300 1609 344 1671; x_wconf 87' lang='lat' dir='ltr'><strong>od</strong></span> <span class='ocrx_word' id='word_1_89' title='bbox 370 1608 497 1671; x_wconf 76' lang='lat' dir='ltr'><strong>illorum</strong></span> <span class='ocrx_word' id='word_1_90' title='bbox 530 1609 669 1688; x_wconf 76' lang='lat' dir='ltr'><strong>inopiam</strong></span> <span class='ocrx_word' id='word_1_91' title='bbox 699 1616 729 1670; x_wconf 81' lang='lat' dir='ltr'><strong>et</strong></span> <span class='ocrx_word' id='word_1_92' title='bbox 761 1610 884 1671; x_wconf 75' lang='lat' dir='ltr'><strong>illoram</strong></span> <span class='ocrx_word' id='word_1_93' title='bbox 918 1607 1113 1686; x_wconf 70' lang='lat' dir='ltr'><strong>abundantio</strong></span> <span class='ocrx_word' id='word_1_94' title='bbox 1145 1611 1189 1671; x_wconf 82' lang='lat' dir='ltr'><strong>ad</strong></span> 
     </span>
     <span class='ocr_line' id='line_1_13' title="bbox 86 1719 1187 1803; baseline 0.004 -22"><span class='ocrx_word' id='word_1_95' title='bbox 86 1728 224 1782; x_wconf 75' lang='lat' dir='ltr'><strong>aestroen</strong></span> <span class='ocrx_word' id='word_1_96' title='bbox 245 1721 403 1799; x_wconf 64' lang='lat' dir='ltr'><strong>inopiam</strong></span> <span class='ocrx_word' id='word_1_97' title='bbox 424 1719 455 1782; x_wconf 90' lang='lat' dir='ltr'><strong>id</strong></span> <span class='ocrx_word' id='word_1_98' title='bbox 478 1726 541 1798; x_wconf 90' lang='lat' dir='ltr'><strong>est,</strong></span> <span class='ocrx_word' id='word_1_99' title='bbox 562 1727 596 1782; x_wconf 88' lang='lat' dir='ltr'><strong>ut</strong></span> <span class='ocrx_word' id='word_1_100' title='bbox 617 1720 719 1801; x_wconf 87' lang='lat' dir='ltr'><strong>populi</strong></span> <span class='ocrx_word' id='word_1_101' title='bbox 743 1720 920 1783; x_wconf 91' lang='lat' dir='ltr'><strong>abundantia</strong></span> <span class='ocrx_word' id='word_1_102' title='bbox 935 1723 974 1785; x_wconf 87' lang='lat' dir='ltr'><strong>sit</strong></span> <span class='ocrx_word' id='word_1_103' title='bbox 988 1723 1087 1785; x_wconf 89' lang='lat' dir='ltr'><strong>bonae</strong></span> <span class='ocrx_word' id='word_1_104' title='bbox 1107 1740 1187 1803; x_wconf 91' lang='lat' dir='ltr'><strong>ope-</strong></span> 
     </span>
     <span class='ocr_line' id='line_1_14' title="bbox 85 1833 1187 1915; baseline 0.001 -19"><span class='ocrx_word' id='word_1_105' title='bbox 85 1833 213 1897; x_wconf 78' lang='lat' dir='ltr'><strong>rationis</strong></span> <span class='ocrx_word' id='word_1_106' title='bbox 244 1833 283 1897; x_wconf 86' lang='lat' dir='ltr'><strong>ad</strong></span> <span class='ocrx_word' id='word_1_107' title='bbox 312 1833 429 1896; x_wconf 84' lang='lat' dir='ltr'><strong>illorum</strong></span> <span class='ocrx_word' id='word_1_108' title='bbox 458 1833 670 1896; x_wconf 79' lang='lat' dir='ltr'><strong>sublevandam</strong></span> <span class='ocrx_word' id='word_1_109' title='bbox 702 1833 800 1896; x_wconf 88' lang='lat' dir='ltr'><strong>alendi</strong></span> <span class='ocrx_word' id='word_1_110' title='bbox 830 1836 977 1915; x_wconf 90' lang='lat' dir='ltr'><strong>inopiam,</strong></span> <span class='ocrx_word' id='word_1_111' title='bbox 1011 1843 1041 1897; x_wconf 86' lang='lat' dir='ltr'><strong>et</strong></span> <span class='ocrx_word' id='word_1_112' title='bbox 1069 1836 1187 1898; x_wconf 87' lang='lat' dir='ltr'><strong>illorum</strong></span> 
     </span>
     <span class='ocr_line' id='line_1_15' title="bbox 85 1946 1186 2030; baseline 0 -19"><span class='ocrx_word' id='word_1_113' title='bbox 85 1946 266 2011; x_wconf 86' lang='lat' dir='ltr'><strong>abundantia</strong></span> <span class='ocrx_word' id='word_1_114' title='bbox 294 1947 435 2028; x_wconf 85' lang='lat' dir='ltr'><strong>spiritalis</strong></span> <span class='ocrx_word' id='word_1_115' title='bbox 464 1946 584 2009; x_wconf 81' lang='lat' dir='ltr'><strong>adiuret</strong></span> <span class='ocrx_word' id='word_1_116' title='bbox 605 1948 635 2009; x_wconf 91' lang='lat' dir='ltr'><strong>in</strong></span> <span class='ocrx_word' id='word_1_117' title='bbox 659 1948 746 2028; x_wconf 86' lang='lat' dir='ltr'>plebe</span> <span class='ocrx_word' id='word_1_118' title='bbox 769 1949 898 2029; x_wconf 90' lang='lat' dir='ltr'><strong>inopiam</strong></span> <span class='ocrx_word' id='word_1_119' title='bbox 926 1949 1023 2011; x_wconf 88' lang='lat' dir='ltr'><strong>meriti</strong></span> <span class='ocrx_word' id='word_1_120' title='bbox 1046 1949 1186 2030; x_wconf 88' lang='lat' dir='ltr'><strong>spiritalis</strong></span> 
     </span>
     <span class='ocr_line' id='line_1_16' title="bbox 86 2060 483 2144; baseline -0.008 -20"><span class='ocrx_word' id='word_1_121' title='bbox 86 2068 118 2124; x_wconf 90' lang='lat' dir='ltr'><strong>et</strong></span> <span class='ocrx_word' id='word_1_122' title='bbox 140 2060 277 2124; x_wconf 80' lang='lat' dir='ltr'><strong>conferat</strong></span> <span class='ocrx_word' id='word_1_123' title='bbox 299 2061 329 2122; x_wconf 93' lang='lat' dir='ltr'><strong>ei</strong></span> <span class='ocrx_word' id='word_1_124' title='bbox 349 2061 483 2144; x_wconf 82' lang='lat' dir='ltr'><strong>gratiam.</strong></span> 
     </span>
    </p>

    <p class='ocr_par' dir='ltr' id='par_1_4' title="bbox 83 2167 1187 2936">
     <span class='ocr_line' id='line_1_17' title="bbox 178 2167 1186 2254; baseline 0.008 -21"><span class='ocrx_word' id='word_1_125' title='bbox 178 2167 249 2235; x_wconf 74' lang='lat'><strong>154</strong></span> <span class='ocrx_word' id='word_1_126' title='bbox 293 2170 380 2251; x_wconf 70' lang='lat' dir='ltr'><strong>Unde</strong></span> <span class='ocrx_word' id='word_1_127' title='bbox 402 2171 569 2253; x_wconf 82' lang='lat' dir='ltr'><strong>exemplum</strong></span> <span class='ocrx_word' id='word_1_128' title='bbox 587 2169 728 2251; x_wconf 88' lang='lat' dir='ltr'><strong>optimum</strong></span> <span class='ocrx_word' id='word_1_129' title='bbox 743 2173 858 2252; x_wconf 89' lang='lat' dir='ltr'><strong>posuit:</strong></span> <span class='ocrx_word' id='word_1_130' title='bbox 883 2172 945 2249; x_wconf 83' lang='lat' dir='ltr'><strong>Qui</strong></span> <span class='ocrx_word' id='word_1_131' title='bbox 959 2176 1098 2254; x_wconf 80' lang='lat' dir='ltr'><strong>muttum,</strong></span> <span class='ocrx_word' id='word_1_132' title='bbox 1121 2197 1186 2240; x_wconf 81' lang='lat' dir='ltr'><strong>non</strong></span> 
     </span>
     <span class='ocr_line' id='line_1_18' title="bbox 83 2283 1187 2363; baseline 0.003 -15"><span class='ocrx_word' id='word_1_133' title='bbox 83 2285 277 2361; x_wconf 62' lang='lat' dir='ltr'><strong>abuma,</strong></span> <span class='ocrx_word' id='word_1_134' title='bbox 309 2292 339 2344; x_wconf 83' lang='lat' dir='ltr'><strong>et</strong></span> <span class='ocrx_word' id='word_1_135' title='bbox 360 2285 414 2363; x_wconf 83' lang='lat' dir='ltr'><strong>pati</strong></span> <span class='ocrx_word' id='word_1_136' title='bbox 437 2283 606 2358; x_wconf 81' lang='lat' dir='ltr'><strong>modicum,</strong></span> <span class='ocrx_word' id='word_1_137' title='bbox 639 2301 703 2344; x_wconf 83' lang='lat' dir='ltr'><strong>non</strong></span> <span class='ocrx_word' id='word_1_138' title='bbox 725 2285 841 2346; x_wconf 81' lang='lat' dir='ltr'><strong>minuit.</strong></span> <span class='ocrx_word' id='word_1_139' title='bbox 887 2284 970 2348; x_wconf 87' lang='lat' dir='ltr'><strong>Bene</strong></span> <span class='ocrx_word' id='word_1_140' title='bbox 992 2288 1126 2351; x_wconf 74' lang='lat' dir='ltr'><strong>hortatur</strong></span> <span class='ocrx_word' id='word_1_141' title='bbox 1148 2289 1187 2351; x_wconf 92' lang='lat' dir='ltr'><strong>ad</strong></span> 
     </span>
     <span class='ocr_line' id='line_1_19' title="bbox 84 2395 1185 2482; baseline 0.002 -20"><span class='ocrx_word' id='word_1_142' title='bbox 84 2398 217 2462; x_wconf 85' lang='lat' dir='ltr'><strong>officium</strong></span> <span class='ocrx_word' id='word_1_143' title='bbox 238 2397 465 2461; x_wconf 87' lang='lat' dir='ltr'><strong>misericordiae</strong></span> <span class='ocrx_word' id='word_1_144' title='bbox 497 2412 601 2459; x_wconf 90' lang='lat' dir='ltr'><strong>omnes</strong></span> <span class='ocrx_word' id='word_1_145' title='bbox 623 2395 760 2458; x_wconf 89' lang='lat' dir='ltr'><strong>homines</strong></span> <span class='ocrx_word' id='word_1_146' title='bbox 782 2397 861 2459; x_wconf 86' lang='lat' dir='ltr'><strong>istud</strong></span> <span class='ocrx_word' id='word_1_147' title='bbox 884 2399 1072 2481; x_wconf 82' lang='lat' dir='ltr'><strong>exemptum,</strong></span> <span class='ocrx_word' id='word_1_148' title='bbox 1104 2420 1185 2482; x_wconf 91' lang='lat' dir='ltr'><strong>quo-</strong></span> 
     </span>
     <span class='ocr_line' id='line_1_20' title="bbox 84 2509 1186 2592; baseline 0.001 -18"><span class='ocrx_word' id='word_1_149' title='bbox 84 2513 165 2574; x_wconf 87' lang='lat' dir='ltr'><strong>niam</strong></span> <span class='ocrx_word' id='word_1_150' title='bbox 187 2513 290 2592; x_wconf 81' lang='lat' dir='ltr'><strong>etqui</strong></span> <span class='ocrx_word' id='word_1_151' title='bbox 312 2510 469 2592; x_wconf 88' lang='lat' dir='ltr'><strong>plurimum</strong></span> <span class='ocrx_word' id='word_1_152' title='bbox 492 2509 556 2570; x_wconf 87' lang='lat' dir='ltr'><strong>auri</strong></span> <span class='ocrx_word' id='word_1_153' title='bbox 578 2509 729 2590; x_wconf 85' lang='lat' dir='ltr'><strong>possidet,</strong></span> <span class='ocrx_word' id='word_1_154' title='bbox 764 2528 826 2572; x_wconf 89' lang='lat' dir='ltr'><strong>non</strong></span> <span class='ocrx_word' id='word_1_155' title='bbox 848 2511 994 2590; x_wconf 88' lang='lat' dir='ltr'><strong>abundat,</strong></span> <span class='ocrx_word' id='word_1_156' title='bbox 1023 2513 1092 2591; x_wconf 89' lang='lat' dir='ltr'><strong>quia</strong></span> <span class='ocrx_word' id='word_1_157' title='bbox 1114 2514 1186 2576; x_wconf 90' lang='lat' dir='ltr'><strong>nibil</strong></span> 
     </span>
     <span class='ocr_line' id='line_1_21' title="bbox 85 2621 1184 2706; baseline -0.002 -16"><span class='ocrx_word' id='word_1_158' title='bbox 85 2632 149 2706; x_wconf 76' lang='lat' dir='ltr'><strong>est,</strong></span> <span class='ocrx_word' id='word_1_159' title='bbox 172 2624 315 2706; x_wconf 79' lang='lat' dir='ltr'><strong>quidquid</strong></span> <span class='ocrx_word' id='word_1_160' title='bbox 337 2626 366 2686; x_wconf 89' lang='lat' dir='ltr'><strong>in</strong></span> <span class='ocrx_word' id='word_1_161' title='bbox 389 2623 448 2686; x_wconf 91' lang='lat' dir='ltr'><strong>boe</strong></span> <span class='ocrx_word' id='word_1_162' title='bbox 469 2621 591 2684; x_wconf 87' lang='lat' dir='ltr'><strong>saeculo</strong></span> <span class='ocrx_word' id='word_1_163' title='bbox 615 2628 676 2699; x_wconf 88' lang='lat' dir='ltr'><strong>est;</strong></span> <span class='ocrx_word' id='word_1_164' title='bbox 704 2631 734 2686; x_wconf 92' lang='lat' dir='ltr'><strong>et</strong></span> <span class='ocrx_word' id='word_1_165' title='bbox 756 2626 807 2704; x_wconf 88' lang='lat' dir='ltr'><strong>qui</strong></span> <span class='ocrx_word' id='word_1_166' title='bbox 829 2625 971 2706; x_wconf 81' lang='lat' dir='ltr'><strong>exiguum</strong></span> <span class='ocrx_word' id='word_1_167' title='bbox 994 2624 1099 2704; x_wconf 88' lang='lat' dir='ltr'><strong>babet,</strong></span> <span class='ocrx_word' id='word_1_168' title='bbox 1123 2644 1184 2688; x_wconf 91' lang='lat' dir='ltr'><strong>non</strong></span> 
     </span>
     <span class='ocr_line' id='line_1_22' title="bbox 84 2735 1185 2822; baseline 0.002 -21"><span class='ocrx_word' id='word_1_169' title='bbox 84 2739 207 2819; x_wconf 79' lang='lat' dir='ltr'><strong>minuit,</strong></span> <span class='ocrx_word' id='word_1_170' title='bbox 233 2740 303 2820; x_wconf 86' lang='lat' dir='ltr'><strong>quia</strong></span> <span class='ocrx_word' id='word_1_171' title='bbox 324 2737 398 2800; x_wconf 86' lang='lat' dir='ltr'><strong>nibil</strong></span> <span class='ocrx_word' id='word_1_172' title='bbox 421 2742 484 2816; x_wconf 88' lang='lat' dir='ltr'><strong>est,</strong></span> <span class='ocrx_word' id='word_1_173' title='bbox 517 2735 598 2816; x_wconf 91' lang='lat' dir='ltr'><strong>quod</strong></span> <span class='ocrx_word' id='word_1_174' title='bbox 619 2738 731 2799; x_wconf 77' lang='lat' dir='ltr'><strong>amittit</strong></span> <span class='ocrx_word' id='word_1_175' title='bbox 776 2737 835 2799; x_wconf 87' lang='lat' dir='ltr'><strong>Res</strong></span> <span class='ocrx_word' id='word_1_176' title='bbox 858 2739 924 2801; x_wconf 91' lang='lat' dir='ltr'><strong>sine</strong></span> <span class='ocrx_word' id='word_1_177' title='bbox 948 2739 1104 2820; x_wconf 89' lang='lat' dir='ltr'><strong>dispendio</strong></span> <span class='ocrx_word' id='word_1_178' title='bbox 1129 2747 1185 2822; x_wconf 90' lang='lat' dir='ltr'><strong>est,</strong></span> 
     </span>
     <span class='ocr_line' id='line_1_23' title="bbox 85 2850 534 2936; baseline -0.009 -21"><span class='ocrx_word' id='word_1_179' title='bbox 85 2870 166 2936; x_wconf 70' lang='lat' dir='ltr'><strong>qm</strong></span> <span class='ocrx_word' id='word_1_180' title='bbox 184 2859 248 2916; x_wconf 90' lang='lat' dir='ltr'><strong>tota</strong></span> <span class='ocrx_word' id='word_1_181' title='bbox 270 2850 457 2934; x_wconf 82' lang='lat' dir='ltr'><strong>dispendium</strong></span> <span class='ocrx_word' id='word_1_182' title='bbox 480 2857 534 2912; x_wconf 78' lang='lat' dir='ltr'><strong>est</strong></span> 
     </span>
    </p>

    <p class='ocr_par' dir='ltr' id='par_1_5' title="bbox 84 2963 1189 3621">
     <span class='ocr_line' id='line_1_24' title="bbox 176 2963 1186 3050; baseline -0.001 -18"><span class='ocrx_word' id='word_1_183' title='bbox 176 2967 249 3032; x_wconf 83' lang='lat'>155.</span> <span class='ocrx_word' id='word_1_184' title='bbox 293 2965 347 3028; x_wconf 86' lang='lat' dir='ltr'><strong>Est</strong></span> <span class='ocrx_word' id='word_1_185' title='bbox 364 2967 451 3027; x_wconf 85' lang='lat' dir='ltr'><strong>etiam</strong></span> <span class='ocrx_word' id='word_1_186' title='bbox 467 2965 511 3027; x_wconf 92' lang='lat' dir='ltr'><strong>sic</strong></span> <span class='ocrx_word' id='word_1_187' title='bbox 527 2963 694 3026; x_wconf 87' lang='lat' dir='ltr'><strong>intellectus</strong></span> <span class='ocrx_word' id='word_1_188' title='bbox 709 2963 821 3026; x_wconf 91' lang='lat' dir='ltr'><strong>bonus:</strong></span> <span class='ocrx_word' id='word_1_189' title='bbox 846 2964 902 3038; x_wconf 85' lang='lat' dir='ltr'><strong>Qui</strong></span> <span class='ocrx_word' id='word_1_190' title='bbox 917 2964 1073 3045; x_wconf 85' lang='lat' dir='ltr'><strong>plurimum</strong></span> <span class='ocrx_word' id='word_1_191' title='bbox 1088 2967 1186 3050; x_wconf 85' lang='lat' dir='ltr'><strong>babet,</strong></span> 
     </span>
     <span class='ocr_line' id='line_1_25' title="bbox 85 3078 1189 3164; baseline -0.005 -16"><span class='ocrx_word' id='word_1_192' title='bbox 85 3091 118 3150; x_wconf 89' lang='lat' dir='ltr'><strong>et</strong></span> <span class='ocrx_word' id='word_1_193' title='bbox 138 3085 166 3147; x_wconf 88' lang='lat' dir='ltr'><strong>si</strong></span> <span class='ocrx_word' id='word_1_194' title='bbox 186 3100 250 3146; x_wconf 92' lang='lat' dir='ltr'><strong>non</strong></span> <span class='ocrx_word' id='word_1_195' title='bbox 271 3079 372 3158; x_wconf 90' lang='lat' dir='ltr'><strong>donat,</strong></span> <span class='ocrx_word' id='word_1_196' title='bbox 395 3097 457 3142; x_wconf 90' lang='lat' dir='ltr'><strong>non</strong></span> <span class='ocrx_word' id='word_1_197' title='bbox 480 3078 619 3157; x_wconf 89' lang='lat' dir='ltr'><strong>abundat,</strong></span> <span class='ocrx_word' id='word_1_198' title='bbox 647 3078 717 3158; x_wconf 83' lang='lat' dir='ltr'><strong>quia</strong></span> <span class='ocrx_word' id='word_1_199' title='bbox 739 3080 926 3158; x_wconf 88' lang='lat' dir='ltr'><strong>quantumvis</strong></span> <span class='ocrx_word' id='word_1_200' title='bbox 949 3078 1093 3161; x_wconf 86' lang='lat' dir='ltr'><strong>adquirat,</strong></span> <span class='ocrx_word' id='word_1_201' title='bbox 1117 3088 1189 3164; x_wconf 86' lang='lat' dir='ltr'><strong>eget</strong></span> 
     </span>
     <span class='ocr_line' id='line_1_26' title="bbox 84 3193 1187 3281; baseline -0.005 -19"><span class='ocrx_word' id='word_1_202' title='bbox 84 3215 223 3281; x_wconf 84' lang='lat' dir='ltr'><strong>semper,</strong></span> <span class='ocrx_word' id='word_1_203' title='bbox 256 3197 325 3276; x_wconf 88' lang='lat' dir='ltr'><strong>quia</strong></span> <span class='ocrx_word' id='word_1_204' title='bbox 356 3194 423 3275; x_wconf 92' lang='lat' dir='ltr'><strong>plus</strong></span> <span class='ocrx_word' id='word_1_205' title='bbox 453 3194 638 3273; x_wconf 87' lang='lat' dir='ltr'><strong>concupiscit</strong></span> <span class='ocrx_word' id='word_1_206' title='bbox 645 3213 655 3269; x_wconf 84' lang='lat'><em>3</em></span> <span class='ocrx_word' id='word_1_207' title='bbox 690 3198 720 3254; x_wconf 88' lang='lat' dir='ltr'><strong>et</strong></span> <span class='ocrx_word' id='word_1_208' title='bbox 750 3195 801 3273; x_wconf 83' lang='lat' dir='ltr'><strong>qui</strong></span> <span class='ocrx_word' id='word_1_209' title='bbox 832 3193 975 3275; x_wconf 79' lang='lat' dir='ltr'><strong>exiguum</strong></span> <span class='ocrx_word' id='word_1_210' title='bbox 1006 3194 1094 3256; x_wconf 87' lang='lat' dir='ltr'><strong>habet</strong></span> <span class='ocrx_word' id='word_1_211' title='bbox 1123 3212 1187 3257; x_wconf 91' lang='lat' dir='ltr'><strong>non</strong></span> 
     </span>
     <span class='ocr_line' id='line_1_27' title="bbox 84 3305 1187 3391; baseline -0.005 -15"><span class='ocrx_word' id='word_1_212' title='bbox 84 3313 207 3390; x_wconf 88' lang='lat' dir='ltr'><strong>minuit,</strong></span> <span class='ocrx_word' id='word_1_213' title='bbox 236 3311 305 3391; x_wconf 84' lang='lat' dir='ltr'><strong>quia</strong></span> <span class='ocrx_word' id='word_1_214' title='bbox 327 3326 390 3372; x_wconf 90' lang='lat' dir='ltr'><strong>non</strong></span> <span class='ocrx_word' id='word_1_215' title='bbox 412 3307 534 3369; x_wconf 86' lang='lat' dir='ltr'><strong>multum</strong></span> <span class='ocrx_word' id='word_1_216' title='bbox 557 3313 619 3384; x_wconf 91' lang='lat' dir='ltr'><strong>est,</strong></span> <span class='ocrx_word' id='word_1_217' title='bbox 650 3305 731 3386; x_wconf 92' lang='lat' dir='ltr'><strong>quod</strong></span> <span class='ocrx_word' id='word_1_218' title='bbox 762 3323 925 3387; x_wconf 90' lang='lat' dir='ltr'><strong>pauperem</strong></span> <span class='ocrx_word' id='word_1_219' title='bbox 946 3308 1049 3387; x_wconf 79' lang='lat' dir='ltr'><strong>pascit</strong></span> <span class='ocrx_word' id='word_1_220' title='bbox 1095 3308 1187 3371; x_wconf 90' lang='lat' dir='ltr'><strong>Simi-</strong></span> 
     </span>
     <span class='ocr_line' id='line_1_28' title="bbox 84 3419 1187 3508; baseline -0.005 -19"><span class='ocrx_word' id='word_1_221' title='bbox 84 3427 157 3489; x_wconf 89' lang='lat' dir='ltr'><strong>liter</strong></span> <span class='ocrx_word' id='word_1_222' title='bbox 178 3430 300 3508; x_wconf 80' lang='lat' dir='ltr'><strong>ergoet</strong></span> <span class='ocrx_word' id='word_1_223' title='bbox 320 3423 372 3485; x_wconf 89' lang='lat' dir='ltr'><strong>ille</strong></span> <span class='ocrx_word' id='word_1_224' title='bbox 395 3440 518 3503; x_wconf 88' lang='lat' dir='ltr'><strong>pauper,</strong></span> <span class='ocrx_word' id='word_1_225' title='bbox 541 3421 592 3502; x_wconf 80' lang='lat' dir='ltr'><strong>qui</strong></span> <span class='ocrx_word' id='word_1_226' title='bbox 613 3419 731 3483; x_wconf 86' lang='lat' dir='ltr'><strong>confert</strong></span> <span class='ocrx_word' id='word_1_227' title='bbox 753 3420 896 3500; x_wconf 90' lang='lat' dir='ltr'><strong>spiritalia</strong></span> <span class='ocrx_word' id='word_1_228' title='bbox 918 3438 973 3502; x_wconf 88' lang='lat' dir='ltr'><strong>pro</strong></span> <span class='ocrx_word' id='word_1_229' title='bbox 997 3422 1187 3501; x_wconf 80' lang='lat' dir='ltr'><strong>pecuniariis,</strong></span> 
     </span>
     <span class='ocr_line' id='line_1_29' title="bbox 85 3534 1188 3621; baseline -0.006 -17"><span class='ocrx_word' id='word_1_230' title='bbox 85 3541 146 3604; x_wconf 85' lang='lat' dir='ltr'><strong>etsi</strong></span> <span class='ocrx_word' id='word_1_231' title='bbox 166 3538 324 3621; x_wconf 88' lang='lat' dir='ltr'><strong>plurimum</strong></span> <span class='ocrx_word' id='word_1_232' title='bbox 345 3537 455 3600; x_wconf 86' lang='lat' dir='ltr'><strong>babeat</strong></span> <span class='ocrx_word' id='word_1_233' title='bbox 476 3536 606 3618; x_wconf 77' lang='lat' dir='ltr'><strong>gratiae,</strong></span> <span class='ocrx_word' id='word_1_234' title='bbox 630 3552 692 3597; x_wconf 88' lang='lat' dir='ltr'><strong>non</strong></span> <span class='ocrx_word' id='word_1_235' title='bbox 714 3534 862 3609; x_wconf 89' lang='lat' dir='ltr'><strong>abundat;</strong></span> <span class='ocrx_word' id='word_1_236' title='bbox 895 3551 957 3596; x_wconf 92' lang='lat' dir='ltr'><strong>non</strong></span> <span class='ocrx_word' id='word_1_237' title='bbox 980 3534 1058 3596; x_wconf 91' lang='lat' dir='ltr'><strong>enim</strong></span> <span class='ocrx_word' id='word_1_238' title='bbox 1081 3541 1188 3597; x_wconf 89' lang='lat' dir='ltr'><strong>onerat</strong></span> 
     </span>
    </p>
   </div>
   <div class='ocr_carea' id='block_1_3' title="bbox 84 3649 1187 3841">
    <p class='ocr_par' dir='ltr' id='par_1_6' title="bbox 84 3649 1187 3841">
     <span class='ocr_line' id='line_1_30' title="bbox 84 3649 567 3738; baseline -0.01 -23"><span class='ocrx_word' id='word_1_239' title='bbox 84 3652 201 3738; x_wconf 78' lang='lat' dir='ltr'><strong>gratia,</strong></span> <span class='ocrx_word' id='word_1_240' title='bbox 223 3649 279 3714; x_wconf 89' lang='lat' dir='ltr'><strong>sed</strong></span> <span class='ocrx_word' id='word_1_241' title='bbox 301 3650 409 3712; x_wconf 81' lang='lat' dir='ltr'><strong>allevat</strong></span> <span class='ocrx_word' id='word_1_242' title='bbox 430 3655 567 3712; x_wconf 89' lang='lat' dir='ltr'><strong>mentem.</strong></span> 
     </span>
     <span class='ocr_line' id='line_1_31' title="bbox 176 3757 1187 3841; baseline -0.004 -14"><span class='ocrx_word' id='word_1_243' title='bbox 176 3759 248 3826; x_wconf 85' lang='lat'><strong>156.</strong></span> <span class='ocrx_word' id='word_1_244' title='bbox 292 3759 353 3825; x_wconf 83' lang='lat' dir='ltr'><strong>Sed</strong></span> <span class='ocrx_word' id='word_1_245' title='bbox 386 3761 473 3822; x_wconf 88' lang='lat' dir='ltr'><strong>etiam</strong></span> <span class='ocrx_word' id='word_1_246' title='bbox 501 3761 546 3821; x_wconf 92' lang='lat' dir='ltr'><strong>sic</strong></span> <span class='ocrx_word' id='word_1_247' title='bbox 574 3765 673 3841; x_wconf 90' lang='lat' dir='ltr'><strong>potest</strong></span> <span class='ocrx_word' id='word_1_248' title='bbox 700 3757 850 3840; x_wconf 80' lang='lat' dir='ltr'><strong>intellegi:</strong></span> <span class='ocrx_word' id='word_1_249' title='bbox 883 3757 953 3823; x_wconf 88' lang='lat' dir='ltr'><strong>Non</strong></span> <span class='ocrx_word' id='word_1_250' title='bbox 981 3759 1133 3839; x_wconf 89' lang='lat' dir='ltr'><strong>abundas,</strong></span> <span class='ocrx_word' id='word_1_251' title='bbox 1167 3779 1187 3823; x_wconf 91' lang='lat' dir='ltr'><strong>o</strong></span> 
     </span>
    </p>
   </div>
   <div class='ocr_carea' id='block_1_4' title="bbox 85 3872 1187 4070">
    <p class='ocr_par' dir='ltr' id='par_1_7' title="bbox 85 3872 1187 4070">
     <span class='ocr_line' id='line_1_32' title="bbox 86 3872 1187 3955; baseline -0.002 -17"><span class='ocrx_word' id='word_1_252' title='bbox 86 3874 194 3939; x_wconf 74' lang='lat' dir='ltr'><strong>bomo!</strong></span> <span class='ocrx_word' id='word_1_253' title='bbox 239 3875 388 3950; x_wconf 84' lang='lat' dir='ltr'><strong>Quantum</strong></span> <span class='ocrx_word' id='word_1_254' title='bbox 417 3880 464 3937; x_wconf 88' lang='lat' dir='ltr'><strong>est</strong></span> <span class='ocrx_word' id='word_1_255' title='bbox 493 3875 591 3953; x_wconf 90' lang='lat' dir='ltr'><strong>enim,</strong></span> <span class='ocrx_word' id='word_1_256' title='bbox 626 3873 706 3955; x_wconf 85' lang='lat' dir='ltr'><strong>quod</strong></span> <span class='ocrx_word' id='word_1_257' title='bbox 736 3872 896 3954; x_wconf 89' lang='lat' dir='ltr'><strong>accepisti,</strong></span> <span class='ocrx_word' id='word_1_258' title='bbox 932 3873 989 3935; x_wconf 88' lang='lat' dir='ltr'><strong>etsi</strong></span> <span class='ocrx_word' id='word_1_259' title='bbox 1022 3873 1075 3936; x_wconf 92' lang='lat' dir='ltr'><strong>tibi</strong></span> <span class='ocrx_word' id='word_1_260' title='bbox 1107 3874 1187 3937; x_wconf 88' lang='lat' dir='ltr'><strong>mut-</strong></span> 
     </span>
     <span class='ocr_line' id='line_1_33' title="bbox 85 3987 1186 4070; baseline -0.004 -16"><span class='ocrx_word' id='word_1_261' title='bbox 85 3997 150 4054; x_wconf 86' lang='lat' dir='ltr'><strong>tum</strong></span> <span class='ocrx_word' id='word_1_262' title='bbox 171 3990 242 4054; x_wconf 82' lang='lat' dir='ltr'><strong>est‘t</strong></span> <span class='ocrx_word' id='word_1_263' title='bbox 286 3989 431 4067; x_wconf 87' lang='lat' dir='ltr'><strong>ioannes,</strong></span> <span class='ocrx_word' id='word_1_264' title='bbox 462 4007 522 4070; x_wconf 90' lang='lat' dir='ltr'><strong>quo</strong></span> <span class='ocrx_word' id='word_1_265' title='bbox 553 4005 642 4050; x_wconf 91' lang='lat' dir='ltr'><strong>nemo</strong></span> <span class='ocrx_word' id='word_1_266' title='bbox 673 3988 768 4050; x_wconf 89' lang='lat' dir='ltr'><strong>maior</strong></span> <span class='ocrx_word' id='word_1_267' title='bbox 791 3993 837 4049; x_wconf 88' lang='lat' dir='ltr'><strong>est</strong></span> <span class='ocrx_word' id='word_1_268' title='bbox 860 3988 939 4050; x_wconf 90' lang='lat' dir='ltr'><strong>iuter</strong></span> <span class='ocrx_word' id='word_1_269' title='bbox 966 3988 1053 4052; x_wconf 75' lang='lat' dir='ltr'><strong>nato‘s</strong></span> <span class='ocrx_word' id='word_1_270' title='bbox 1073 3987 1186 4051; x_wconf 89' lang='lat' dir='ltr'><strong>mulie-</strong></span> 
     </span>
    </p>
   </div>
   <div class='ocr_carea' id='block_1_5' title="bbox 0 0 1350 4666">
    <p class='ocr_par' dir='ltr' id='par_1_8' title="bbox 0 0 1350 4666">
     <span class='ocr_line' id='line_1_34' title="bbox 0 0 1350 4666; baseline 0 1"><span class='ocrx_word' id='word_1_271' title='bbox 0 0 1350 4666; x_wconf 95' lang='lat' dir='ltr'><strong> </strong></span> 
     </span>
    </p>
   </div>
  </div>
 </body>
</html>
