2692 4666
373 351 418 404 DE
437 349 574 404 uomens
593 348 816 404 ttttttsnuoutttt
834 349 930 404 blBEli
949 350 979 405 ll.
1161 357 1222 421 165

122 512 202 573 enim
224 526 345 576 nummo
368 512 513 592 soluitur,
539 510 634 596 gratia
656 529 813 594 numquam
836 513 1014 577 exinanitur.
1058 512 1222 579 Reddenda

121 630 264 687 vacuatur
286 626 423 707 pecunia,
446 624 542 707 gratia
563 629 661 686 autem
679 631 709 687 et
728 624 866 690 babendo
889 626 1016 691 solvitur
1031 634 1061 691 et
1075 628 1223 694 soluendo

122 738 279 801 retinetur.
323 737 439 801 Deinde
469 735 549 818 quod
572 737 656 800 dives
685 737 812 822 refugit,
844 758 958 821 pauper
986 739 1111 821 fatetur,
1142 741 1222 823 quod

121 850 160 914 sit
182 850 330 934 obligatus
354 849 455 913 debito
477 850 593 931 sibique
616 853 813 932 subventum,
840 871 901 916 non
923 853 1032 917 honori
1055 872 1111 918 suo
1135 853 1223 919 dela-

122 970 185 1026 tum
206 969 303 1044 putat:
328 960 454 1026 donatos
476 964 534 1025 sibi
556 963 715 1027 arbitratur
737 964 832 1045 lilios,
854 967 944 1029 vitam
967 966 1129 1049 redditam,
1152 986 1223 1033 ser-

122 1083 220 1139 vatam
244 1075 391 1139 familiam.
429 1077 547 1150 Quanto
570 1076 661 1160 igitur
683 1078 787 1141 melius
811 1078 889 1159 apud
911 1079 1019 1161 bonos,
1042 1099 1129 1161 quam
1144 1081 1223 1164 apud

122 1190 259 1274 ingratos
282 1189 385 1253 locare
407 1189 598 1254 beneficiumi

213 1300 284 1367 128.
328 1301 413 1366 Unde
436 1301 571 1364 dominus
594 1300 632 1363 ad
654 1301 816 1385 discipulos
840 1303 895 1366 ait:
914 1300 945 1389 ¹)
979 1304 1083 1368 Nolite
1111 1307 1221 1385 possi-

122 1416 348 1493 leaenarum,
379 1433 478 1495 neque
507 1423 685 1495 arpentum,
716 1435 814 1497 neque
839 1417 1024 1496 pecuniola,-
1054 1435 1112 1500 qua
1142 1418 1224 1482 velut

123 1528 202 1590 lalce
234 1528 424 1610 pullulantem
458 1529 486 1592 in
522 1529 694 1610 pectoribus
731 1530 867 1594 humanis
904 1531 1031 1594 succidit
1063 1531 1222 1594 avaritiam.

121 1643 227 1705 Petrus
250 1662 371 1725 quoque
402 1641 530 1725 claudo,
563 1644 614 1724 qui
637 1662 677 1707 ex
698 1651 784 1708 utero
807 1644 908 1707 matris
938 1662 1012 1708 suae
1038 1645 1222 1726 portabatur,

123 1757 179 1820 ait:
196 1754 229 1839 ²)
250 1755 419 1837 Arpentum
442 1765 473 1819 et
494 1777 605 1820 curum
626 1776 691 1820 noo
713 1757 831 1832 liobe05
853 1759 910 1820 aed
933 1759 1018 1839 quod
1039 1758 1156 1836 tabeo,
1180 1759 1222 1819 do

123 1869 188 1931 libi.
233 1870 271 1931 ln
302 1871 425 1933 nomine
456 1870 528 1934 lesu
563 1871 682 1934 Christi
712 1871 870 1934 Nouareni
904 1892 996 1952 corpe
1030 1879 1060 1934 et
1089 1870 1221 1934 modulo.

121 1981 225 2064 ltaque
254 1986 410 2066 pecuniam
435 2003 496 2048 non
519 1984 615 2065 dedit,
648 1987 803 2052 sanitatem
834 1985 922 2048 dedit.
968 1985 1084 2060 Quanto
1118 1985 1222 2048 melius

123 2101 170 2161 est
191 2098 316 2161 salutem
338 2099 450 2162 habere
473 2099 538 2162 sine
560 2099 703 2180 pecunia,
732 2117 820 2180 quam
842 2099 999 2180 pecuniam
1021 2102 1088 2162 sine
1109 2097 1222 2161 salutel

123 2209 261 2275 Surrexit
283 2210 423 2293 claudus,
456 2213 537 2295 quod
560 2224 622 2277 non
644 2214 801 2295 sperabat3
834 2213 989 2295 pecuniam
1011 2232 1073 2277 ncn
1096 2213 1221 2294 accepit,

123 2344 212 2408 quam
242 2328 389 2408 sperabat.
434 2327 496 2392 Sed
518 2328 594 2391 baec
617 2329 669 2392 uix
691 2328 721 2391 in
744 2328 854 2391 sanctis
878 2326 989 2392 domini
1020 2328 1221 2410 reperiuntur,

124 2445 158 2502 ut
181 2438 301 2503 divitiae
325 2441 507 2523 contemptui
530 2440 597 2505 sint.

506 2691 676 2758 CAPUT
709 2691 837 2757 XXVI.
926 2634 930 2646 Ι

124 2862 207 2928 Quam
223 2870 298 2916 vetuo
316 2861 410 2915 malum
426 2864 460 2916 ait
476 2864 593 2928 avaritia,
610 2862 696 2915 multis
713 2863 810 2914 ueteris
826 2862 970 2916 testamenti
988 2861 1109 2931 exemplis
1127 2861 1222 2915 clarum

124 2965 199 3016 esee,
225 2949 334 3018 hincque
357 2957 492 3018 praeterea
514 2958 618 3017 patere,
643 2965 719 3018 quam
744 2949 826 3002 inani·
844 2951 878 3002 cit
895 2951 1061 3018 pecuniarum
1084 2950 1222 3018 possessio.

213 3101 285 3172 129.
331 3106 471 3171 Ceterum
493 3109 532 3170 ita
554 3107 751 3171 incubuerunt
780 3126 880 3172 mores
910 3107 1060 3172 hominum
1089 3107 1221 3172 admira·

123 3219 208 3283 tione
230 3218 415 3299 divitiarum,
437 3226 470 3284 ut
492 3238 599 3299 nemo,
634 3220 692 3282 nisi
716 3220 802 3283 dives
824 3220 941 3284 bonore
964 3222 1071 3303 dignus
1094 3225 1222 3302 putetur.

122 3332 232 3413 Neque
253 3332 301 3395 bic
322 3351 430 3396 reeens
453 3350 536 3414 usus,
560 3332 614 3396 sed
637 3334 694 3395 iarn
717 3333 837 3413 dudum,
862 3333 942 3414 qnod
963 3334 1049 3416 peius
1073 3340 1128 3413 est,
1149 3333 1221 3396 ino-

123 3445 199 3509 levit
219 3446 277 3509 boc
304 3447 405 3511 vitium
435 3447 570 3511 humanis
602 3448 757 3511 mentibus.
803 3446 953 3528 Siquidem
982 3466 1049 3510 cum
1080 3445 1221 3510 Hiericho

123 3577 232 3643 magna
255 3560 358 3624 civitas
385 3563 521 3625 tubarum
554 3561 779 3625 sacerdotalium
801 3577 878 3623 sono
901 3561 1064 3624 corruisset
1087 3565 1117 3622 et
1137 3560 1221 3623 lesus

123 3673 210 3736 Nave
232 3674 377 3754 potiretur
399 3676 539 3754 victoria,
556 3673 588 3761 ³)
613 3676 772 3758 cognovit,
796 3673 968 3738 infirmatam
991 3690 1060 3737 esse
1081 3674 1221 3737 virtutem

124 3787 228 3870 populi
244 3807 299 3870 per
314 3789 467 3852 avaritiam
489 3795 578 3870 atque
599 3792 664 3853 anri
680 3790 874 3873 cupiditatem.
914 3788 988 3853 Nam
1009 3807 1075 3852 cum
1091 3787 1129 3851 de
1143 3803 1221 3868 spo·
1332 3827 1334 3831 -

123 3900 174 3965 liis
197 3903 280 3965 urbis
302 3903 443 3967 incensae
466 3904 633 3968 sustulisset
644 3905 744 3968 Achar
766 3911 879 3969 vestem
902 3921 1023 3968 auream
1048 3908 1078 3964 et
1095 3899 1220 3964 ducenta

196 4155 225 4225 1)
246 4154 331 4209 blattb.
351 4155 393 4220 10,
412 4155 436 4208 9.
509 4156 540 4224 2)
558 4153 613 4208 Act.
635 4153 662 4222 3,
684 4156 708 4207 6.
779 4155 808 4221 3)
826 4153 875 4208 los.
895 4171 917 4206 c.
936 4153 960 4207 l.
