2692 4666
165 305 229 371 184
523 320 537 338 --
611 300 636 353 s.
656 297 814 353 nnnnosu

252 459 304 525 25.
348 461 456 543 Liquet
485 460 576 544 igitur
602 461 632 524 id
657 458 850 543 spectandum
874 468 904 523 et
926 459 1086 525 tenendum
1119 461 1266 541 omnibus,

165 575 245 660 quod
271 575 375 639 eadem
397 575 583 658 singulorum
607 577 645 638 sit
667 575 791 653 utilitas,
817 592 894 655 quae
913 574 951 636 sit
970 575 1196 655 universorum,
1218 576 1267 638 ni-

164 688 265 770 hilque
286 686 473 750 iudicandum
497 687 585 766 utile,
612 688 669 749 nisi
693 685 773 768 quod
797 686 826 748 in
850 702 1007 748 commune
1030 688 1132 767 prosit.
1181 686 1268 761 Quu-

164 800 253 865 modo
288 803 365 863 enim
398 808 497 883 potest
527 802 579 865 uni
610 799 757 882 prodesse
795 799 876 880 quod
907 800 1008 863 inutile
1037 800 1075 862 sit
1105 799 1269 885 omrdhusl

165 915 235 978 llihi
265 920 348 977 certe
377 932 438 978 non
472 913 605 994 videtur,
641 916 690 996 qui
714 912 823 977 inutilis
847 919 893 975 est
915 913 1068 993 omnihus,
1102 914 1160 976 sibi
1191 912 1269 975 utilis

164 1045 235 1091 esse
266 1044 367 1109 posse.
412 1027 527 1090 Etenim
550 1028 576 1089 si
602 1045 660 1089 una
690 1028 742 1090 lex
772 1033 896 1089 naturae
928 1027 1083 1106 omnibus,
1118 1044 1179 1089 una
1209 1026 1270 1089 uti·

165 1160 225 1223 que
262 1141 371 1204 utilitas
410 1142 634 1219 universorum,
671 1139 708 1203 ad
743 1139 957 1203 consulendum
995 1139 1096 1220 utique
1130 1138 1270 1201 omnihus

164 1262 288 1318 naturae
310 1255 380 1336 lege
408 1255 648 1337 constringimur.
694 1255 763 1317 Non
787 1261 834 1317 est
857 1272 931 1336 ergo
955 1255 1038 1332 cius,
1068 1252 1119 1333 qui
1141 1251 1270 1314 consul-

164 1376 226 1432 tum
249 1369 321 1431 velit
344 1368 428 1430 alteri
451 1367 615 1431 secundum
638 1375 787 1448 naturam,
810 1385 924 1430 uooere
947 1369 975 1430 ei
999 1352 1146 1461 adversus
1170 1364 1269 1447 legem

167 1488 301 1544 naturae.
810 1531 811 1535 ,

253 1590 305 1658 26.
350 1592 468 1656 Etenim
490 1593 517 1658 si
539 1592 601 1673 hi‚-
621 1593 672 1675 qui
703 1593 734 1656 in
765 1591 861 1656 studio
891 1595 1032 1671 currunt,
1065 1589 1105 1654 ita
1132 1588 1270 1654 feruutur

167 1704 337 1787 praeceptis
367 1705 521 1768 informari
545 1711 633 1786 utque
660 1705 783 1783 instrui,
818 1712 849 1767 ut
871 1707 1075 1786 uuusquisque
1106 1705 1268 1783 celeritate,

166 1835 227 1880 non
251 1817 356 1881 fraude
380 1817 539 1880 contendat
562 1834 729 1897 cursuque,
753 1823 893 1898 quantum
917 1823 1030 1899 potest,
1054 1818 1090 1880 ad
1115 1818 1269 1880 victoriam

166 1937 323 2014 properet3
353 1932 543 2013 supplantare
575 1939 673 1993 autern
706 1931 829 1993 alterum
859 1937 909 1992 aut
940 1949 1027 1994 manu
1056 1931 1180 1994 deicere
1209 1949 1269 1993 nou

166 2048 258 2108 ausit:
290 2051 399 2126 quanto
430 2046 524 2129 magis
547 2044 577 2106 iu
599 2045 658 2108 hoc
681 2062 770 2107 cursu
795 2046 873 2108 vitae
897 2045 981 2108 istius
1004 2046 1069 2107 sine
1094 2044 1200 2108 fraude
1222 2045 1269 2109 al-

158 2159 261 2246 ¹terius
286 2164 317 2220 et
339 2159 615 2240 circumscriptione
638 2155 809 2252 quacrpnda
832 2159 918 2221 nobis
942 2159 1066 2221 victoria
1088 2158 1161 2221 est?

254 2270 305 2332 27.
351 2271 504 2344 Quaerunt
527 2271 633 2351 aliqui,
658 2271 685 2332 si
708 2272 829 2350 sapiens
848 2272 877 2333 in
899 2270 1056 2353 naufragio
1080 2272 1196 2352 positus
1220 2271 1270 2335 iu-

168 2381 285 2463 sipienti
316 2381 463 2464 naufrago
497 2383 623 2444 tabulam
659 2387 843 2462 extorquere
869 2385 981 2464 possit,
1008 2392 1110 2448 utrum
1139 2384 1269 2448 debeat?

166 2495 237 2558 lllhi
267 2496 402 2576 quidem,
437 2497 491 2557 etsi
522 2495 732 2577 praestabilius
763 2496 912 2576 communi
943 2494 1078 2558 videatur
1101 2496 1186 2575 usui,
1217 2514 1270 2559 sa-

159 2612 296 2692 pientem
319 2610 357 2673 de
380 2609 553 2693 naufragio,
584 2628 670 2689 quarn
693 2610 882 2690 insipientem
906 2607 1054 2688 evadere,
1089 2616 1271 2673 tamennon

166 2725 300 2804 videtur,
335 2725 416 2806 quod
447 2727 492 2787 vir
515 2725 697 2788 Christianus
729 2731 758 2786 et
788 2725 884 2787 iustus
915 2730 944 2786 et
971 2723 1092 2805 sapiens
1122 2743 1270 2806 quaerere

168 2839 224 2901 sihi
247 2838 338 2900 vitam
360 2839 456 2900 aliena
481 2844 576 2900 morte
598 2837 724 2916 debeat,
748 2844 851 2918 utpote
874 2836 941 2918 qui,
965 2839 1051 2900 etiarn
1074 2839 1101 2901 si
1123 2837 1269 2901 latronem

168 2957 311 3013 armatum
335 2949 458 3028 incidat,
487 2949 643 3011 ferientem
665 2947 792 3010 referire
815 2967 875 3011 non
898 2950 1009 3030 possit,
1040 2969 1098 3030 ne,
1122 2951 1194 3014 dum
1217 2968 1270 3014 sa-

167 3064 259 3126 lutern
292 3063 442 3142 defendit,
478 3064 616 3145 pietatem
651 3064 838 3125 contaminet.
893 3063 938 3125 De
969 3082 1028 3145 quo
1060 3065 1090 3127 in
1120 3065 1270 3148 evangelii

167 3176 251 3240 libris
284 3183 385 3258 aperta
416 3182 446 3238 et
470 3177 594 3239 evidens
627 3177 775 3239 sententia
810 3181 871 3238 est:
892 3174 920 3260 ¹)
952 3178 1097 3240 Reconde
1128 3179 1270 3258 plodian

168 3298 269 3367 tuem
299 3291 400 3354 omnis
424 3293 520 3369 enim,
545 3292 598 3372 qui
619 3293 730 3372 plodio
746 3294 960 3371 percusserit,
991 3295 1103 3374 plodio
1124 3295 1267 3375 ferietur.

167 3407 241 3481 Quis
271 3406 348 3470 latro
378 3405 598 3485 detestabilior,
633 3426 720 3487 quam
750 3414 945 3488 persecutor,
979 3408 1030 3489 qui
1062 3416 1205 3488 venerat,
1238 3415 1269 3471 ut

168 3519 316 3583 Christum
340 3520 515 3583 occideret?
560 3518 619 3584 Sed
642 3519 737 3582 uoluit
751 3536 786 3581 se
803 3518 938 3581 Christus
959 3525 1188 3600 persecutorum
1211 3519 1268 3585 de-

168 3630 251 3695 lendi
273 3634 414 3713 vulnere,
438 3636 488 3714 qni
510 3634 605 3697 voluit
623 3651 683 3714 ¹suo
708 3634 834 3696 vulnere
856 3651 961 3696 omnes
984 3649 1101 3696 sanare

255 3746 305 3811 28.
352 3748 411 3810 Cur
440 3750 519 3810 enim
541 3751 571 3810 te
591 3748 741 3828 potiorem
770 3747 865 3811 altero
896 3747 1029 3826 iudices,
1061 3764 1127 3809 cum
1151 3746 1210 3810 viri
1230 3746 1269 3811 sit

168 3859 325 3922 Christiani
355 3859 511 3941 praeferre
532 3861 589 3923 sibi
611 3862 751 3941 alterum,
781 3859 853 3923 nihil
883 3861 940 3924 sihi
962 3878 1123 3943 arrogare,
1155 3860 1269 3925 nullum

170 4013 375 4024 κ-ῌ-

239 4101 266 4165 r)
285 4098 369 4154 uratia.
390 4098 434 4166 26,
453 4099 494 4152 52.
