2692 4666
314 313 360 392 1111
379 312 516 369 oramus
534 314 759 369 ulnlsrnonuu
776 313 872 369 LIBER
890 315 910 371 1.
1112 319 1154 384 45

60 474 150 556 plane
184 474 222 538 de
258 477 343 540 cuius
376 476 465 541 domo
498 498 655 559 numquam
686 498 782 543 vacuo
812 481 878 543 sinu
906 497 1020 561 pauper
1048 478 1155 557 exivit3

60 609 161 671 neque
184 592 261 653 enim
285 593 440 673 quisquam
462 595 557 678 magis
579 595 701 674 beatus,
726 614 813 676 quam
830 598 880 677 qui
899 594 1044 678 intellegit
1065 611 1157 675 super

60 706 201 787 pauperis
235 706 443 769 necessitatem
467 713 497 769 et
519 706 623 769 infirmi
653 712 741 789 atque
772 707 869 789 inopis
901 726 1079 770 aerumnam.
1123 705 1155 768 lu

61 819 110 883 die
132 820 232 883 iudicii
254 820 373 884 habebit
395 821 519 884 salutem
542 842 558 884 a
583 822 720 901 domino,
750 841 837 902 quem
860 822 978 885 habebit
1002 840 1074 885 suae
1098 822 1155 883 de-

59 935 188 999 bitorem
213 934 444 999 misericordiae.

469 1137 640 1204 CAPUT
675 1139 752 1204 XII.

61 1301 100 1355 Ne
127 1305 185 1372 quis
204 1303 237 1355 ab
262 1304 405 1355 exercenda
431 1303 602 1356 misericordia
625 1312 774 1368 revocetur,
803 1304 945 1354 ostenditur
970 1304 1043 1356 deum
1069 1321 1157 1357 curare

62 1401 135 1444 actus
153 1392 298 1458 bominum,
319 1400 346 1444 et
364 1391 504 1461 quemlibet
522 1392 655 1459 inprobum
669 1393 695 1442 in
712 1393 767 1459 ipsa
786 1407 861 1458 opum
881 1391 1018 1443 adfluentia
1037 1394 1157 1444 misarum

355 1496 413 1534 esse
431 1479 486 1531 lobi
505 1481 656 1531 auctoritato
676 1478 869 1533 demonstratur.

149 1620 201 1686 40.
247 1622 305 1687 Sed
337 1623 473 1705 plerique
514 1630 695 1687 revocantur
728 1623 764 1685 ab
799 1623 898 1686 officio
935 1621 1156 1705 dispensatricis

64 1735 303 1815 misericordiae,
327 1736 394 1798 dum
417 1743 518 1817 putant
542 1737 666 1801 bominis
690 1745 772 1801 actus
792 1756 852 1800 nou
869 1755 975 1800 curare
998 1736 1156 1816 dominum,

63 1857 114 1915 aut
136 1852 256 1914 nescire
280 1870 347 1914 eum
371 1852 440 1932 quid
463 1854 492 1914 in
514 1852 637 1915 occultis
660 1871 816 1935 geramus,
841 1851 911 1932 quid
934 1857 1032 1914 teneat
1054 1857 1157 1912 nostra

62 1966 255 2044 conscientia,
280 1972 330 2027 aut
345 1964 482 2028 iudicium
499 1964 563 2028 eius
579 1983 764 2045 nequaquam
780 1966 888 2027 iustum
911 1963 1014 2043 videri,
1039 1961 1157 2044 quando

61 2088 238 2163 peccatores
254 2079 362 2143 divitiis
378 2080 528 2143 abundare
543 2080 654 2160 vident,
678 2079 812 2163 gaudere
828 2078 1003 2157 honoribus,
1022 2079 1157 2156 sanitate,

60 2195 164 2258 liberis
172 2217 181 2273 3
215 2201 318 2259 contra
333 2201 438 2258 ⁴autem
460 2195 556 2258 iustos
580 2196 685 2278 inopes
715 2193 844 2278 degere,
878 2193 1058 2272 inhonoros,
1092 2194 1157 2256 sine

60 2308 181 2389 liberis,
208 2309 340 2383 infirmos
363 2326 509 2390 corpore,
532 2309 612 2373 luctu
635 2309 793 2391 frequenti.

150 2421 202 2488 41.
247 2423 310 2486 Neo
333 2423 491 2487 mediocris
515 2443 551 2487 ea
574 2425 725 2505 quaestio,
760 2420 999 2504 quandoquidem
1030 2425 1091 2481 tres
1117 2419 1158 2481 illi

64 2553 158 2620 reges
174 2536 259 2600 amici
274 2535 326 2599 lob
342 2543 503 2617 propterea
527 2556 593 2598 eum
616 2542 806 2618 peccatorem
828 2535 1066 2616 pronuntiabant,
1090 2533 1158 2613 quia

62 2651 183 2732 inopem
206 2647 314 2712 iactum
340 2669 379 2713 ex
402 2650 493 2715 divite
522 2652 655 2714 orbatum
678 2650 779 2714 liberis
803 2668 842 2712 ex
865 2647 994 2711 fecundo
1024 2654 1157 2729 parente,

64 2758 221 2847 perfusum
243 2764 394 2827 ulceribus
425 2764 687 2844 inhorrentemque
714 2763 877 2841 vibicibus,
912 2767 1064 2824 exaratum
1086 2759 1158 2822 vul-

65 2879 189 2942 neribus
212 2898 229 2942 a
249 2878 345 2959 capite
366 2894 461 2958 usque
483 2876 521 2939 ad
542 2876 636 2958 pedes
660 2877 807 2939 videbant.
853 2875 965 2950 Quibus
988 2875 1064 2937 banc
1085 2891 1159 2936 san-

65 2997 131 3055 ctus
165 2990 216 3053 lob
246 2989 385 3071 proponit
416 2990 641 3052 adsertionem?
661 2986 689 3071 ¹)
723 2988 754 3053 Si
788 3007 847 3072 ego
882 2996 1004 3071 propter
1036 2995 1160 3070 peccata

64 3124 131 3169 mea
159 3105 234 3168 haec
263 3104 376 3186 patior,
407 3122 463 3166 our·
484 3103 573 3182 impii
601 3102 733 3164 otnant?
776 3103 1031 3165 lmoetcraoeroot
1058 3108 1160 3163 notem

66 3227 96 3282 et
110 3219 146 3281 in
161 3217 280 3280 diuitiis
302 3235 405 3279 semem
428 3235 535 3280 eorum
556 3216 725 3279 secondom
747 3215 952 3292 volontatem,
975 3215 1034 3294 {ilii
1054 3234 1160 3278 eorum

66 3334 101 3395 in
125 3331 242 3408 oculis,
265 3308 373 3392 dom‘ua
396 3329 535 3410 ipsorum
558 3330 736 3407 abundarat,
760 3329 852 3392 timor
874 3336 976 3392 autem
998 3348 1159 3410 nosquam,

64 3445 220 3530 depellam
242 3454 343 3508 notem
365 3464 386 3507 o
409 3444 534 3507 domino
552 3462 621 3506 mom
644 3452 690 3507 est
711 3444 745 3506 in
767 3445 854 3523 ipsis.

155 3558 206 3624 42.
250 3559 331 3624 Haeo
361 3557 465 3622 videns
496 3557 627 3621 infirmus
659 3559 750 3621 corde
780 3557 948 3639 exagitatur
979 3564 1008 3619 et
1031 3557 1159 3620 studium

67 3675 176 3740 avertit
197 3693 291 3738 suum.
337 3673 427 3739 Gaius
450 3673 580 3736 dicturus
600 3690 758 3757 ¹sermones
778 3679 846 3735 ante
868 3678 988 3735 sauctus
1010 3670 1161 3763 pust-„misit

68 3789 120 3854 lob
145 3788 264 3852 dicens:
280 3785 313 3872 ²)
339 3787 460 3850 Portotc
482 3804 546 3863 me,
571 3760 626 3866 elio
649 3793 750 3848 autem
774 3786 901 3865 loquar,
925 3758 1071 3844 deinde*⁴''
1092 3781 1160 3842 dete

68 3921 125 3964 mo.
172 3901 509 3982 monendomum,
542 3897 632 3977 quasi
654 3898 744 3960 bomo
767 3914 894 3977 orpoor.
939 3895 1064 3959 Portote
1087 3913 1159 3975 erpo

143 4140 171 4209 1)
189 4140 243 4195 lob.
261 4140 305 4208 21,
324 4140 339 4192 '7
358 4157 411 4212 seq.
481 4141 510 4208 2)
528 4141 591 4195 lhid.
610 4140 654 4207 21,
673 4138 689 4192 3
707 4155 761 4211 seq.
