2692 4666
159 335 221 399 118
603 327 628 379 s.
647 325 804 379 nuaaosu

157 492 372 567 stimationem,
404 508 442 550 ne
474 488 638 570 derogetur
668 486 801 565 muneri,
835 493 867 548 ut
898 488 947 568 qui
977 487 1059 550 videt
1089 488 1254 550 ministrum

157 607 257 670 altaris
292 604 434 686 congruis
470 609 603 665 ornatum
638 601 810 680 virtutibus,
849 608 1002 664 auctorem
1034 601 1187 684 praedicet
1226 607 1255 662 et

157 720 306 784 dominum
336 720 516 792 veneretur,
551 715 601 793 qui
632 713 705 775 tales
736 712 873 783 servulos
906 713 1020 775 habeat.
1064 713 1144 776 Laus
1177 713 1255 775 enim

158 834 277 912 domini,
300 832 350 894 ubi
373 826 481 892 munda
502 828 658 908 possessio
682 833 712 888 et
734 827 880 889 innocens
903 825 1031 889 familiae
1054 826 1219 908 disciplina.

244 943 317 1009 248.
364 945 407 1005 De
442 942 613 1004 castimonia
647 947 744 1002 autem
779 939 849 1021 quid
882 941 1007 1022 loquar,
1042 940 1162 1022 quando
1197 959 1256 1004 una

159 1066 286 1137 tantum,
319 1077 375 1120 nec
405 1056 530 1136 repetita
562 1054 739 1136 permittitur
770 1053 901 1136 copula?
952 1055 989 1117 Et
1021 1057 1050 1117 in
1081 1057 1147 1138 ipso
1180 1072 1255 1138 ergo

159 1175 299 1257 coniugio
323 1174 373 1234 lex
397 1178 443 1232 est
466 1188 526 1232 non
547 1171 657 1231 iterare
673 1169 854 1251 coniugium,
874 1187 931 1231 nec
949 1169 1100 1232 secundae
1117 1169 1256 1252 coniugis

159 1289 259 1353 sortiri
290 1283 537 1348 coniunctionem.
591 1280 678 1354 Quod
710 1281 861 1362 plerisque
894 1283 998 1344 mirum
1033 1284 1168 1363 videtur,
1203 1301 1257 1346 cur

160 1404 247 1466 etiam
278 1406 345 1462 ante
375 1397 548 1477 baptismum
576 1397 673 1457 iterati
703 1397 833 1478 coniugii
864 1395 901 1456 ad
926 1398 1101 1460 electionem
1125 1399 1256 1460 muneris

160 1523 190 1579 et
221 1513 414 1578 ordinationis
448 1511 686 1593 praerogativam
720 1510 918 1590 inpedimenta
953 1520 1155 1594 generentur,
1190 1531 1257 1574 cum

161 1631 248 1692 etiam
276 1627 380 1689 delicta
413 1623 523 1685 obesse
546 1640 606 1683 non
629 1621 761 1699 soleant,
794 1622 819 1682 si
847 1622 960 1683 lavacri
991 1623 1115 1685 remissa
1146 1623 1259 1687 luerint

161 1746 356 1805 sacramento.
403 1735 461 1799 Sed
492 1734 670 1815 intellegere
702 1734 862 1814 debemus,
897 1736 964 1815 quia
996 1738 1140 1818 baptismo
1171 1739 1258 1820 culpa

163 1855 265 1918 dimitti
288 1859 395 1933 potest,
417 1852 468 1912 lex
491 1848 604 1910 aboleri
628 1866 688 1910 non
711 1855 818 1929 potest.
863 1849 895 1910 ln
920 1852 1061 1934 coniugio
1084 1869 1144 1914 non
1160 1853 1257 1934 culpa,

164 1968 218 2031 sed
240 1967 291 2028 lex
315 1973 368 2028 est.
414 1963 500 2037 Quod
528 1964 632 2044 culpae
662 1969 706 2024 est
729 1964 820 2046 igitur
843 1965 872 2026 in
895 1966 1069 2047 baptismate
1092 1967 1258 2044 relaxatur,

164 2081 244 2163 quod
273 2082 348 2162 legis
381 2086 426 2141 est
458 2081 487 2141 in
519 2079 659 2159 coniugio
692 2097 752 2140 non
783 2078 915 2142 solvitur.
969 2079 1126 2153 Quomodo
1159 2087 1258 2161 autem

163 2202 263 2278 potest
300 2195 433 2256 hortator
467 2210 536 2254 esse
569 2191 719 2254 viduitatis
754 2194 804 2272 qui
838 2195 903 2275 ipse
939 2194 1077 2275 coniugia
1114 2193 1262 2274 frequen-

164 2308 297 2372 tavent?

251 2417 323 2485 2219.
369 2419 547 2483 lnollensum
570 2426 667 2481 autem
692 2419 891 2483 exhibendum
914 2428 944 2483 et
967 2422 1174 2483 inmaculatum
1201 2423 1262 2484 mi-

164 2536 327 2614 nisterium,
351 2553 407 2596 nec
430 2535 490 2597 ullo
516 2533 665 2616 coniugali
689 2535 769 2596 coitu
790 2534 961 2597 violandum
985 2535 1185 2618 cognoscitis,
1210 2537 1261 2616 qui

165 2650 272 2732 integri
295 2667 433 2730 corpore,
458 2648 631 2727 incorrupto
656 2645 781 2727 pudore,
808 2648 897 2710 alieni
920 2648 1007 2710 etiam
1031 2650 1067 2710 ab
1092 2649 1158 2730 ipso
1182 2666 1262 2711 con-

165 2764 258 2826 sortio
282 2762 445 2845 coniugali,
475 2762 553 2823 sacri
576 2762 729 2824 ministerii
752 2763 875 2843 gratiam
898 2763 1063 2843 recepistis.
1110 2762 1198 2836 Quod
1222 2781 1263 2825 eo

166 2896 227 2940 non
250 2878 406 2958 praeterii,
437 2879 505 2958 quia
528 2879 558 2940 in
580 2878 731 2958 plerisque
754 2876 949 2940 abditioribus
971 2879 1045 2941 locis
1074 2896 1148 2943 cum..
1170 2880 1261 2941 mini-

167 2992 287 3054 sterium
310 2999 461 3073 gererent,
486 2992 533 3053 vel
556 2993 643 3053 etiam
666 2990 873 3069 sacerdotium,
898 2992 973 3055 hlios
997 2999 1203 3073 susceperunt,
1233 3000 1264 3055 et

167 3106 195 3178 id
219 3113 364 3186 tamquam
387 3124 443 3169 usu
465 3108 559 3168 veteri
576 3106 749 3185 defendunt,
773 3106 891 3186 quando
907 3125 962 3187 per
977 3106 1132 3168 intervalla
1148 3105 1263 3168 dierum

167 3221 342 3287 sacrificium
367 3220 558 3283 deferebatur
566 3243 575 3298 ;
612 3228 641 3283 et
664 3228 760 3283 tamen
784 3221 1000 3283 castificabatur
1023 3221 1108 3281 etiam
1133 3220 1263 3303 populus

167 3353 223 3416 per
244 3334 364 3396 biduum
387 3344 435 3398 aut
458 3356 513 3417 per
533 3337 668 3415 triduum,
692 3344 724 3400 ut
739 3337 775 3399 ad
792 3337 967 3425 sacrificium
982 3353 1076 3418 purus
1092 3336 1263 3416 accederet,

168 3454 200 3510 ut
223 3449 251 3509 in
274 3449 370 3509 veteri
394 3456 568 3512 testamento
592 3449 736 3532 legimus3
754 3446 781 3531 ¹)
806 3455 835 3510 et
853 3432 989 3511 lavabant
1005 3450 1183 3514 vestimenta
1199 3469 1262 3514 sua.

170 3562 200 3625 Si
231 3564 260 3623 in
291 3563 385 3644 ligura
415 3570 493 3626 tanta
525 3564 732 3642 observantia,
766 3570 873 3644 quanta
906 3565 936 3626 in
966 3565 1118 3627 veritate?
1162 3566 1262 3644 Disce,

170 3675 313 3738 sacerdos
337 3682 424 3756 atque
447 3677 545 3754 levita,
570 3678 639 3758 quid
662 3679 699 3739 sit
721 3679 822 3740 lavare
846 3677 1020 3741 vestimenta
1043 3685 1102 3759 tua,
1125 3687 1158 3742 ut
1172 3699 1262 3742 mun-

171 3788 238 3850 dum
262 3807 371 3872 corpus
395 3790 580 3853 celebrandis
605 3793 747 3854 exhibeas
770 3793 971 3855 sacramentis.
1009 3794 1039 3856 Si
1054 3795 1182 3875 populus
1198 3795 1262 3858 sine

171 3904 321 3966 ablutione
357 3905 597 3968 vestimentorum
633 3925 753 3970 suorum
792 3907 1003 3988 prohibebatur
1042 3908 1187 3972 accedere
1226 3908 1261 3972 ad

243 4144 270 4209 1)
289 4143 369 4198 uxor.
390 4145 430 4210 ra,
450 4145 490 4197 ro.
