2692 4666
298 300 343 354 DE
362 302 497 356 OFFlCMS
518 304 739 358 MlMlSTRORUM
759 304 855 361 LIBER
873 308 914 360 111.
1089 312 1152 376 207

56 471 256 543 revertamur,
279 470 310 526 ut
326 471 436 546 quanto
452 466 679 547 praestantiora,
696 474 778 531 tanto
795 470 959 549 antiquiora
975 489 1153 551 promamus.

56 575 186 638 Nolebat
207 574 338 658 Aegypti
359 595 416 639 rex
437 577 578 658 populum
602 577 748 641 dimittere
769 587 892 661 patrum.
929 583 1008 646 Dixit
1030 585 1153 668 Moyses

57 688 208 750 sacerdoti
240 688 343 751 Aaron
377 695 409 751 ut
444 688 622 751 extenderet
654 692 768 773 virgam
803 711 884 755 suam
923 711 1014 776 super
1048 715 1152 762 omnes

57 818 152 881 aquas
182 798 322 882 Aegypti.
374 801 516 863 Extendit
543 801 665 881 Aaron,
692 800 719 887 Ι)
754 811 783 865 ει
816 823 963 869 conversa
997 816 1043 872 est
1076 830 1153 893 aqua

56 913 187 975 fluminis
209 915 239 976 in
261 915 447 999 sanguinem,
474 921 503 976 et
525 934 613 979 nemo
635 922 752 997 poterat
776 918 877 980 bibere
900 939 1005 1001 aquam
1029 942 1153 988 omnes-

57 1046 118 1108 que
132 1026 275 1110 Aegyptii
297 1028 344 1090 siti
367 1028 512 1110 peribant,
533 1029 649 1092 sinc‘era
671 1036 767 1093 autem
783 1031 891 1095 fluenta
907 1037 1038 1115 patribus
1054 1039 1152 1100 abun-

58 1140 175 1203 dabant.
213 1141 399 1204 lactaverunt
422 1141 550 1204 favillam
572 1144 602 1204 in
626 1144 749 1223 caelum,
763 1142 794 1228 ²)
819 1153 849 1207 et
871 1147 948 1211 sacta
967 1157 1035 1212 sunt
1051 1151 1153 1215 ulcera

58 1262 89 1318 et
111 1256 232 1318 vesicae
254 1256 414 1319 candentes
439 1259 468 1319 in
489 1258 656 1321 bominibus
673 1267 703 1322 et
717 1260 968 1343 quadrupedibus.
1004 1264 1152 1327 Deduxe-
1186 1308 1195 1334 .

57 1375 127 1431 runt
149 1368 324 1451 grandinem
347 1372 377 1432 in
399 1372 470 1454 igne
492 1371 644 1451 ssamrneo,
673 1375 798 1437 contrita
821 1383 907 1438 erant
928 1394 1020 1456 super
1042 1384 1152 1440 terram

58 1481 165 1543 omnia.
210 1479 338 1564 Rogavit
360 1484 481 1568 Moyses
498 1482 530 1570 3)
555 1492 584 1549 ει
605 1488 746 1550 universa
771 1489 802 1550 in
831 1508 915 1551 suam
943 1491 1066 1573 gratiam
1096 1510 1151 1553 re-

58 1600 228 1657 verterunt:
251 1594 367 1678 grando
390 1595 491 1660 sedata
515 1604 571 1677 est,
595 1606 697 1660 sanata
720 1599 830 1679 ulcera,
852 1606 941 1680 potus
964 1601 1070 1664 solitos
1090 1601 1150 1664 ssu-

58 1708 136 1770 mina
159 1709 368 1791 praebuerunt.

147 1819 198 1886 93.
242 1822 351 1885 iterum
379 1822 573 1905 caligantibus
601 1824 732 1886 tenebris
763 1833 866 1905 operta
898 1834 962 1890 erat
989 1835 1069 1890 terra
1095 1847 1150 1909 per

58 1935 203 2014 triduum,
219 1931 252 2019 4)
283 1954 323 1998 ex
345 1954 404 2017 quo
428 1936 549 2019 Moyses
572 1956 689 2000 manum
710 1938 864 2019 levaverat
887 1946 916 2001 et
938 1941 1077 2003 tenebras
1098 1941 1149 2003 in-

56 2047 183 2112 fuderat.
229 2050 409 2112 Moriebatur
432 2066 520 2111 omne
541 2048 770 2132 primogenitum
786 2051 928 2133 Aegypti,
942 2048 973 2135 5)
996 2071 1063 2114 curn
1084 2053 1149 2115 He-

56 2165 217 2227 braeorum
245 2164 340 2227 omnis
370 2169 451 2226 esset
479 2162 625 2226 inoffensa
646 2165 819 2247 progenies.
862 2165 996 2248 Rogatus
1018 2166 1150 2249 Moyses,

56 2284 89 2340 ut
119 2277 165 2340 his
197 2296 317 2358 quoque
346 2278 435 2340 finem
463 2278 561 2340 exitiis
590 2276 691 2357 daret,
723 2280 819 2341 oravit
847 2286 878 2342 et
899 2281 1074 2360 impetravit.
1118 2280 1153 2341 ln

56 2390 108 2453 illo
131 2391 377 2472 praedicandum,
409 2391 490 2473 quod
511 2411 528 2455 a
551 2391 662 2454 fraudis
687 2394 838 2455 consortio
861 2395 1073 2473 temperaverit
1080 2414 1090 2470 3
1121 2394 1151 2454 in

57 2504 116 2567 boc
132 2504 273 2584 mirabile,
297 2506 434 2586 quoniam
459 2505 596 2568 divinitus
618 2507 729 2569 intenta
748 2507 891 2589 supplicia
907 2507 1015 2570 virtute
1030 2508 1151 2589 propria

58 2618 147 2679 etiam
176 2617 212 2680 ab
243 2617 330 2679 hoste
360 2617 536 2696 detorserit,
567 2636 641 2680 vere
664 2618 800 2698 nimium,
832 2619 908 2682 sicut
930 2621 1072 2701 scripturn
1095 2626 1151 2700 est,

56 2737 229 2792 mansuetus
253 2737 283 2791 et
304 2730 391 2792 mitis.
407 2724 439 2812 6)
485 2729 602 2794 Sciebat
624 2729 705 2810 quod
727 2730 814 2793 fidem
840 2750 897 2793 rex
926 2749 986 2793 non
1015 2740 1152 2795 servaret

56 2843 231 2924 promissis3
262 2849 361 2907 tamen
381 2844 538 2907 honestum
559 2845 680 2926 putabat
701 2850 734 2906 ut
755 2850 880 2927 rogatus
903 2852 1020 2926 oraret,
1050 2846 1151 2908 laesus

56 2955 261 3037 benediceret,
285 2959 431 3040 appetitus
454 2959 627 3021 remitteret.
720 2953 723 2962 ’

145 3068 195 3136 94.
232 3072 360 3134 Proiecit
381 3073 505 3156 virgam,
528 3079 558 3136 ει
580 3066 824 3154 εεερεηεὝεειυε
848 3080 903 3153 εει,
926 3073 978 3154 qui
996 3071 1152 3136 devoravit

57 3191 214 3266 serpentes
229 3183 498 3271 Aegyptiorum,⁷)
521 3189 690 3270 significans
715 3188 795 3270 quod
818 3190 942 3251 verbum
966 3206 1036 3251 caro
1056 3189 1151 3267 lieret,

57 3317 136 3380 quae
158 3302 306 3380 serpentis
329 3301 385 3363 diri
407 3320 524 3365 venena
552 3310 692 3366 vacuaret
721 3321 777 3384 per
806 3303 1012 3366 remissionem
1041 3308 1070 3364 et
1100 3300 1151 3362 in-

57 3414 239 3497 dulgentiam
271 3422 469 3496 peccatorum.
525 3418 616 3500 Virga
650 3424 695 3481 est
727 3421 806 3482 enirn
838 3419 962 3482 verbum
996 3417 1150 3496 directum,
1239 3472 1241 3479 .

57 3528 172 3610 regale,
194 3528 315 3609 plenum
336 3532 500 3611 potestatis
524 3533 641 3616 insigne
663 3533 787 3632 imperii.
825 3532 917 3614 Virga
932 3547 1057 3613 serpens
1074 3529 1151 3592 faeta

58 3649 124 3721 est,
155 3643 295 3723 quoniam
317 3645 368 3724 qui
389 3649 454 3707 erat
475 3643 551 3706 filius
575 3644 641 3724 dei,
673 3664 712 3706 ex
741 3644 799 3708 deo
829 3649 914 3725 patre
941 3649 1043 3722 natus,
1074 3641 1150 3704 filius

57 3755 186 3820 bominis
209 3756 305 3820 sactus
328 3765 390 3838 est,
421 3763 507 3822 natus
530 3777 570 3822 ex
591 3760 726 3842 virgine:
757 3759 808 3841 qui
836 3758 920 3838 quasi
942 3772 1068 3838 serpens
1091 3774 1149 3819 ex-

132 4022 159 4086 1)
184 4022 266 4076 Exod.
286 4024 318 4091 7,
343 4026 377 4078 20
395 4040 466 4094 seqq.
535 4025 563 4090 2)
589 4023 653 4077 Ibid.
671 4024 702 4090 9,
727 4025 762 4076 10
779 4042 850 4095 seqq.
919 4024 949 4094 3)
971 4023 1033 4075 Ibid.
1051 4022 1081 4086 9,
1107 4017 1149 4072 29.

57 4114 87 4177 d)
107 4112 170 4165 lbid.
191 4113 234 4178 10,
252 4113 286 4164 22
304 4131 376 4182 seqq.
413 4115 441 4178 5)
461 4113 523 4164 Ibid.
543 4113 582 4176 12,
602 4111 643 4164 29.
680 4112 708 4180 6)
727 4112 801 4164 Num.
815 4112 857 4177 12,
871 4112 895 4166 3.
929 4112 958 4178 7)
976 4107 1095 4174 Exod'i,
1109 4107 1149 4159 12.
