2692 4666
151 376 174 440 4
664 372 764 425 vira.

152 534 263 597 tissime
287 533 484 613 dissidebant,
519 535 587 615 quia
611 541 641 597 et
662 534 766 597 Ariani
789 536 845 597 sibi
869 542 899 596 et
928 536 1063 598 catholici
1093 535 1148 598 sibi
1181 536 1248 616 epi-

152 667 274 730 scopum
291 649 450 730 cupiebant
464 650 612 731 superatis
635 650 781 714 alterutris
805 650 946 730 ordinari,
970 659 1094 732 repente
1118 651 1147 712 in
1171 650 1248 713 hunc

151 783 240 827 unum
263 764 386 827 mirabili
409 771 438 826 et
461 764 625 827 incredibili
648 766 809 829 concordia
833 754 1059 829 consenserunt.

240 878 268 941 7.
315 879 380 953 Quo
414 880 464 943 ille
497 882 618 964 cognito
655 899 797 963 egressus
832 882 990 943 ecclesiam
1027 881 1155 943 tribunal
1192 879 1248 941 sibi

151 997 250 1078 parari
266 994 353 1070 lecit3
378 997 487 1077 quippe
510 1013 581 1057 mox
604 995 720 1058 futurus
745 997 903 1078 episcopus
927 997 1030 1059 altiora
1054 993 1247 1067 conscendit;

151 1117 221 1173 tunc
244 1116 347 1172 contra
371 1108 615 1171 consuetudinem
639 1127 722 1171 suam
746 1116 891 1172 tormenta
914 1110 1051 1192 personis
1076 1109 1160 1171 iussit
1190 1106 1248 1168 ad-

151 1224 254 1287 hiberi.
301 1223 387 1298 Quod
412 1241 477 1285 cum
508 1221 637 1301 laceret,
671 1222 797 1303 populus
829 1224 1018 1285 nihilominus
1049 1222 1247 1285 adclamabat:

151 1339 312 1402 Peccatum
342 1345 426 1397 tuom
455 1353 551 1412 super
580 1353 648 1396 nor.
699 1334 757 1398 Sed
788 1353 848 1397 non
877 1336 1010 1397 similiter
1043 1336 1090 1398 hic
1120 1335 1248 1417 populus

151 1460 221 1515 tuno
244 1452 388 1529 clamavit,
412 1449 488 1511 siout
511 1449 639 1530 populus
662 1447 856 1526 ludaeorum;
880 1451 920 1512 illi
944 1452 1019 1512 enim
1045 1451 1168 1512 vocibus
1186 1450 1249 1512 suls

152 1566 327 1648 sanguinem
350 1563 528 1626 dominicum
552 1560 722 1625 elluderunt
743 1564 893 1626 dicentes:
918 1565 1055 1646 Sanguis
1072 1568 1138 1627 eius
1154 1585 1249 1644 super

152 1701 231 1753 uos;
247 1677 277 1764 ¹)
302 1681 349 1742 isti
372 1696 445 1741 vero
470 1677 711 1739 catechumenum
735 1678 865 1740 scientes
888 1679 966 1741 lideli
990 1699 1066 1742 voce
1090 1681 1249 1742 remissio-

152 1814 221 1858 nem
243 1794 285 1856 illi
308 1801 498 1875 peccatorum
523 1792 651 1855 omnium
675 1811 729 1873 per
757 1794 938 1874 baptismatis
967 1796 1091 1877 gratiam
1122 1796 1249 1876 promit-

152 1911 260 1972 tebant.
307 1908 390 1971 Tunc
427 1909 476 1970 ille
513 1908 646 1970 turbatus
684 1914 841 1970 revertens
879 1909 997 1971 domum
1032 1909 1249 1990 philosophiam

151 2023 286 2105 profiteri
308 2024 420 2101 voluit,
453 2022 585 2100 futurus,
617 2019 672 2082 sed
704 2039 794 2084 verus
824 2021 1017 2103 philosophus
1043 2021 1166 2101 Christi,
1200 2024 1250 2102 qui

153 2138 328 2219 contemptis
362 2136 564 2200 saecularibus
600 2135 715 2216 pompis
752 2136 930 2216 piscatorum
969 2145 1129 2199 secuturus
1169 2145 1250 2200 esset

151 2254 288 2336 vestigia,
312 2252 362 2333 qui
379 2251 494 2313 Christo
518 2249 645 2331 populos
668 2258 892 2332 congregarunt
907 2269 968 2313 non
985 2251 1060 2314 fucis
1077 2254 1247 2330 verborum,

151 2366 205 2430 sed
228 2367 351 2449 simplici
375 2383 515 2428 sermone
539 2371 568 2426 et
591 2383 682 2427 verae
705 2364 774 2426 lidei
797 2367 930 2445 ratione,
963 2366 1044 2428 missi
1075 2367 1140 2428 sine
1163 2386 1247 2447 pera,

152 2483 218 2545 sine
240 2483 343 2565 virga,
378 2481 465 2543 etiam
494 2480 577 2561 ipsos
600 2479 794 2562 philosophos
818 2486 1039 2543 converterunt.
1085 2481 1172 2554 Quod
1195 2482 1245 2543 ubi

150 2594 327 2673 refaceret,
350 2600 509 2656 revocatus
531 2599 592 2671 est3
617 2590 753 2675 publicas
775 2593 914 2655 mulieres
938 2594 1054 2675 publice
1077 2594 1114 2657 ad
1137 2613 1171 2656 se
1194 2595 1244 2656 in-

151 2709 237 2793 gredi
260 2709 344 2787 fecit,
372 2707 490 2771 adhoc
513 2713 632 2786 tantum,
655 2714 687 2770 ut
710 2707 783 2771 visis
805 2707 850 2769 his
873 2709 1000 2802 populus
1024 2711 1059 2772 ab
1082 2710 1246 2772 intentione

150 2829 353 2887 revocaretur.
392 2821 431 2883 At
452 2840 527 2883 vero
551 2821 678 2903 populus
701 2822 794 2904 magis
814 2823 969 2904 magisque
987 2824 1145 2886 clamabat:
1169 2824 1245 2885 Pec·

151 2946 253 3002 cotum
276 2945 360 2998 tuom
383 2955 478 3014 super
500 2955 566 2998 nos.

239 3050 267 3115 8.
313 3053 353 3115 At
384 3050 434 3114 ille
465 3068 530 3112 cum
561 3051 677 3113 videret
711 3050 781 3113 nihil
813 3052 1007 3113 intentionem
1038 3070 1120 3114 suam
1154 3072 1246 3134 posse

151 3166 317 3248 prolicere,
347 3165 446 3250 lugam
473 3168 595 3247 paravit.
641 3168 792 3250 Egressus
814 3168 905 3249 igitur
928 3169 1023 3231 noctis
1046 3169 1144 3232 medio
1168 3171 1246 3232 civi-

151 3286 251 3359 tatem,
274 3298 340 3343 cum
357 3280 490 3343 Ticinum
512 3299 546 3343 se
569 3300 699 3364 pergere
722 3289 848 3362 putaret,
872 3301 957 3345 mane
981 3282 1017 3344 ad
1037 3289 1151 3364 portam
1168 3285 1246 3346 civi-

151 3396 219 3457 tatis
234 3395 474 3475 Mediolanensis,
499 3413 575 3476 quae
591 3395 723 3459 Romana
739 3395 853 3476 dicitur,
877 3398 1042 3475 invenitur;
1067 3398 1140 3460 deus
1159 3399 1246 3477 enim,

153 3509 203 3589 qni
227 3508 374 3571 ecclesiae
396 3526 469 3572 suae
492 3509 655 3573 catholicae
678 3529 794 3573 murum
814 3510 936 3592 parabat
951 3510 1096 3574 adversus
1111 3513 1246 3575 inimicos

153 3640 226 3685 suos
250 3630 279 3684 et
301 3623 402 3685 turrim
427 3625 560 3705 erigebat
577 3623 669 3685 David
693 3632 796 3687 contra
820 3623 925 3686 laciem
942 3623 1086 3702 Damasci,
1110 3625 1246 3705 honest,

154 3741 259 3798 contra
291 3734 443 3815 perfidiam
476 3736 713 3815 haereticorum,
750 3736 849 3818 lugam
883 3735 959 3798 illius
993 3737 1143 3818 inpedivit.
1190 3740 1247 3812 Oui

153 3848 292 3911 inventus
315 3867 381 3910 cum
405 3849 604 3912 custodiretur
626 3867 642 3910 a
665 3848 786 3930 populo,
812 3849 902 3911 missa
924 3848 1029 3911 relatio
1053 3858 1099 3913 est
1121 3850 1158 3913 ad
1181 3852 1246 3914 cle-

154 3962 365 4026 mentissimum
402 3962 609 4044 imperatorem
648 3969 718 4024 tuno
755 3961 1006 4042 Valentinianum,
1044 3966 1094 4045 qui
1131 3984 1247 4030 summo

226 4207 254 4274 1)
273 4206 359 4262 unul.
378 4206 422 4276 aa,
440 4206 482 4262 2⁵.
