2692 4666
336 346 382 400 DE
402 343 540 401 otoldus
557 344 783 403 mmsruonuu
801 349 899 404 LIBER
919 349 938 403 l.
1140 350 1182 416 83

79 522 158 587 pore
177 506 418 588 conmendatur,
441 512 473 573 ut
487 488 613 593 primum
637 511 773 591 opereris
796 512 875 574 circa
900 509 1080 573 domesticos
1103 508 1182 570 fidei.

82 618 210 684 &audis
231 619 336 703 culpa,
365 620 390 682 si
413 619 528 683 sciente
552 627 582 682 te
609 621 707 684 fidelis
739 627 828 703 egeat
836 643 844 698 ;
877 622 903 683 si
927 621 1004 683 scias
1028 638 1094 681 eum
1117 619 1184 682 sine

81 741 201 816 sumptu
229 750 316 815 esse,
350 734 428 797 fame
460 735 616 813 laborare,
651 754 820 797 aerumnam
851 736 985 817 perpeti,
1017 735 1067 814 qui
1090 751 1183 814 prae-

82 848 185 911 sertim
208 866 302 931 egere
321 849 499 943 erubescam
523 851 549 911 si
572 852 601 911 in
626 868 744 913 causam
768 850 910 913 ceciderit
935 857 984 911 aut
1007 848 1184 929 captivitatis

82 977 206 1025 suorum
236 966 287 1024 aut
318 960 498 1039 calumniae,
534 968 562 1023 et
586 980 645 1025 non
674 961 813 1040 adiuves3
847 964 873 1024 si
896 964 933 1024 sit
956 965 985 1025 m
1009 980 1131 1024 carcere
1156 966 1185 1023 et

80 1075 190 1154 poenis
207 1080 237 1137 ei
257 1075 409 1157 suppliciis
431 1081 556 1158 propter
579 1075 709 1138 debitum
734 1050 853 1157 alipuod
876 1078 971 1139 iustus
995 1079 1185 1139 excrucietur

16 1209 20 1217 ¹
83 1185 170 1272 [nam
184 1188 242 1251 etsi
252 1189 388 1252 omnibus
405 1188 531 1252 debetur
547 1190 762 1269 misericordia,
780 1198 876 1253 tamen
888 1191 966 1253 iusto
977 1189 1119 1272 amplius)
1129 1211 1137 1266 ;
1159 1191 1185 1253 si

81 1307 218 1384 tempore
241 1300 419 1365 adflictionis
436 1321 509 1365 suae
525 1301 596 1364 nihil
612 1309 673 1366 ate
690 1305 820 1385 inpetret
829 1326 837 1380 ;
858 1305 884 1366 si
900 1312 1034 1384 tempore
1049 1304 1184 1384 periculi,

82 1431 143 1495 quo
166 1414 282 1494 rapitur
305 1411 342 1474 ad
365 1421 500 1493 mortem,
525 1416 589 1494 plus
613 1415 691 1496 apud
707 1423 736 1476 te
752 1416 878 1495 pecunia
896 1423 945 1479 tua
968 1418 1074 1494 valeat,
1098 1435 1186 1498 quarn

81 1528 143 1590 vita
165 1527 310 1589 moribrri.
356 1525 401 1587 De
424 1543 483 1606 quo
508 1524 632 1605 pulchre
655 1524 707 1587 lob
732 1525 819 1587 dixit:
839 1522 869 1607 ¹)
892 1525 1075 1588 Benedictio
1095 1529 1184 1608 peri-

83 1643 147 1706 turi
168 1643 202 1702 in
225 1660 273 1703 mc
293 1640 407 1702 veniat.

174 1751 244 1818 149.
288 1753 486 1815 Personarum
519 1753 636 1834 quidem
668 1754 742 1816 deus
775 1760 917 1835 acceptor
939 1771 999 1816 non
1023 1761 1085 1834 est,
1117 1757 1186 1836 quia

82 1867 167 1930 novit
193 1867 300 1929 omnia.
344 1863 409 1926 Nos
442 1871 541 1926 autem
574 1866 709 1927 omnibus
741 1865 859 1945 quidem
889 1864 1033 1929 debemus
1065 1868 1186 1930 miseri-

82 1979 235 2055 cordiam3
258 1976 327 2058 sed,
352 1978 421 2059 quia
444 1978 580 2059 plerique
604 1978 710 2042 fraude
735 1999 799 2043 eam
823 1989 971 2061 quaerunt
987 1988 1016 2042 et
1032 1982 1186 2064 adfingunt

83 2108 272 2169 aerumnam,
303 2087 389 2168 ideo,
426 2088 476 2150 ubi
499 2107 588 2151 causa
612 2091 833 2171 manifestatur,
864 2111 996 2173 persona
1020 2096 1185 2176 cognosci-

83 2210 151 2284 tur,
174 2209 291 2284 tempus
314 2207 440 2282 urguet,
463 2200 577 2284 largius
599 2220 633 2264 se
655 2202 744 2265 debet
766 2205 950 2286 profundere
972 2206 1185 2270 misericordia.

84 2316 153 2379 Non
177 2317 255 2379 enim
278 2330 390 2378 avarus
412 2312 548 2377 dominus
573 2321 635 2394 est,
665 2325 697 2378 ut
721 2318 876 2398 plurimum
900 2326 1030 2399 quaerat.
1077 2320 1185 2382 Beatus

84 2429 221 2511 quidem,
246 2428 298 2509 qui
321 2426 436 2489 dimittit
458 2429 555 2491 omnia
572 2436 601 2490 et
617 2432 752 2511 sequitur
775 2450 855 2508 eum3
880 2431 933 2494 sed
957 2440 987 2495 et
1009 2432 1058 2494 ille
1080 2434 1186 2496 beatus

84 2548 150 2622 est,
179 2544 246 2623 qui,
276 2540 357 2623 quod
386 2541 493 2620 babet,
526 2560 565 2604 ex
593 2542 701 2606 affectu
733 2543 809 2606 iacit.
857 2545 993 2624 Denique
1023 2545 1082 2608 duo
1114 2563 1185 2608 uera

84 2652 194 2717 viduae
216 2654 295 2717 illius
326 2653 446 2716 divitum
477 2656 650 2718 muneribus
681 2657 834 2737 praetulit,
851 2653 883 2737 ²)
917 2660 986 2736 quia
1010 2664 1102 2720 totum
1126 2657 1185 2736 illa,

85 2768 169 2851 quod
189 2768 318 2848 babuit,
341 2768 479 2846 contulit,
511 2768 552 2831 illi
582 2776 680 2832 autem
705 2770 943 2835 exabundantia
974 2778 1086 2852 partem
1115 2772 1186 2832 exi-

83 2900 177 2966 guam
210 2881 406 2946 contulerunt
460 2881 593 2944 Affectus
628 2885 719 2965 igitur
752 2883 873 2946 divitem
904 2884 1102 2946 conlationem
1136 2890 1187 2946 aut

84 3014 250 3080 pauperem
281 2995 352 3059 facit
383 3000 414 3056 et
434 2998 560 3076 pretium
590 2998 681 3059 rebus
713 2999 833 3078 inponit.
880 2996 1019 3059 Ceterum
1050 2996 1186 3059 dominus

84 3128 149 3174 nou
184 3109 249 3173 vult
276 3109 362 3172 simul
396 3108 505 3172 effundi
536 3128 626 3191 opes,
658 3111 712 3172 sed
743 3109 924 3191 dispensari,
959 3111 1016 3171 nisi
1046 3109 1125 3172 sorte
1154 3115 1187 3172 ut

84 3217 293 3304 Helisaeus&
327 3220 423 3283 boves
457 3238 529 3283 suos
564 3221 672 3283 occidit
705 3229 734 3282 et
768 3223 849 3303 pavit
882 3238 1031 3302 pauperes
1063 3239 1103 3283 ex
1137 3238 1185 3302 eo,

86 3332 171 3415 quud
192 3332 311 3412 babuit,
342 3332 476 3395 utnulla
505 3352 577 3397 cura
600 3340 755 3396 teneretur
783 3333 962 3414 domestica,
995 3331 1050 3396 sed
1072 3332 1186 3396 relictis

86 3447 227 3511 omnibus
250 3445 485 3528 indisciplinam
508 3466 542 3511 se
564 3448 768 3530 propheticam
796 3447 888 3511 daret.

179 3558 250 3624 150.
295 3559 349 3623 Est
378 3561 467 3622 etiam
497 3560 547 3624 illa
576 3559 729 3642 probanda
762 3560 938 3637 liberalitas,
971 3564 1002 3620 ut
1030 3558 1185 3639 proximos

85 3672 211 3739 minis
242 3675 284 3738 tui
316 3691 377 3737 non
410 3673 573 3754 despicias,
606 3675 631 3735 si
662 3691 755 3755 egere
787 3688 964 3755 cognoscas.
1010 3670 1116 3732 Melius
1140 3675 1186 3733 cst

85 3789 183 3868 enim,
206 3795 239 3852 ut
259 3788 325 3869 ipse
347 3787 507 3850 subvenias
530 3789 603 3866 tuis,
635 3789 740 3869 quibus
765 3785 861 3867 pudor
884 3790 930 3849 est
952 3783 989 3844 ab
1011 3785 1076 3847 aliis
1100 3800 1185 3845 sum-

84 3903 168 3981 ptum
203 3897 385 3980 deposcere,
417 3904 466 3961 aut
499 3899 588 3960 alicui
622 3897 774 3978 postulare
809 3897 970 3963 subsidium
1003 3896 1184 3975 necessitati,

158 4136 187 4203 r)
205 4135 260 4191 ros.
276 4135 322 4203 ee,
342 4136 382 4190 ra.
454 4137 482 4204 a)
500 4137 561 4191 suc.
581 4139 624 4204 ar,
643 4139 668 4192 a.
740 4138 769 4204 a)
787 4138 812 4191 a.
830 4139 894 4207 neg.
915 4138 958 4204 re,
975 4137 1012 4190 ao
1028 4152 1082 4206 oq.

922 4232 976 4301 po
