2692 4666
176 330 240 395 aso
589 320 813 376 -snnaaosn

258 481 310 548 80.
354 482 457 563 ltaque
493 481 620 562 primum
657 482 791 547 omnium
836 481 1028 544 coacervavit
1064 480 1225 563 pecunim,
1243 476 1274 564 ¹)

173 592 282 665 deinde
313 593 506 655 instrumenta
531 597 650 669 cetera,
684 590 723 654 ad
743 597 925 673 postremum
947 590 1012 654 iura
1035 598 1184 657 terrarum
1204 591 1276 674 regi

173 702 349 785 adquisivit,
372 720 433 767 non
456 708 489 765 ut
509 718 613 765 omnes
636 707 762 764 exueret
783 717 857 781 suo,
880 699 935 764 sed
957 699 1076 764 fulciret
1082 721 1092 778 3
1122 694 1274 781 publicum

172 816 314 879 tributum
346 815 557 891 constitueret,
591 830 652 893 quo
675 829 730 875 sua
752 813 844 875 tutius
865 812 979 875 babere
1007 818 1140 895 possent
1185 812 1296 886 Quod

172 928 213 990 ita
228 926 282 990 fuit
296 932 414 1009 gratum
437 927 582 1004 omnibus,
605 926 712 1006 quibus
735 931 831 988 terras
854 924 1015 1006 ademerat,
1038 931 1146 990 utnon
1162 924 1274 988 vendi-

172 1040 284 1102 tionem
307 1039 354 1102 sui
376 1039 467 1118 iuris,
489 1037 544 1101 sed
566 1038 801 1121 redemptionem
823 1039 927 1103 salutis
949 1046 1097 1120 putarent
1136 1037 1274 1118 lienium

173 1150 325 1214 dixerunt:
342 1147 374 1233 ²)
403 1150 533 1214 Soooats'
555 1170 631 1227 nos,
663 1152 837 1214 tacentum
865 1152 1002 1231 pretium
1034 1152 1069 1212 in
1103 1159 1274 1228 conspectat

172 1265 292 1328 domini
314 1266 425 1327 nostri.
468 1263 542 1326 Nam
563 1269 594 1326 ct
611 1263 649 1326 de
667 1265 851 1344 proprietate
873 1263 946 1328 nibil
967 1265 1137 1341 amiserant,
1161 1264 1213 1344 qui
1227 1265 1273 1327 ius

172 1383 367 1457 receperant,
397 1384 427 1439 et
450 1376 488 1438 de
511 1377 636 1440 utilitate
657 1377 729 1439 nibil
750 1376 959 1459 perdiderant,
991 1378 1041 1458 qui
1070 1359 1275 1458 adquisierant

172 1487 409 1568 perpetuitatem.

259 1595 311 1660 81.
357 1597 494 1660 Ovirum
512 1617 661 1679 magnum,
684 1601 735 1680 qui
756 1617 818 1663 non
839 1599 984 1682 largitatis
1005 1598 1176 1681 superfluae
1193 1605 1274 1662 tem-

172 1711 307 1793 poralem
329 1711 458 1790 captavit
479 1711 622 1794 gloriam,
653 1711 707 1775 sed
728 1720 902 1795 perpetuam
927 1711 1165 1777 commoditatem
1194 1726 1272 1775 cott-

174 1823 267 1885 stituit
294 1821 516 1903 providentiae!
559 1823 642 1885 Fecit
664 1825 742 1886 enim
763 1831 796 1887 ut
818 1825 932 1886 tributis
954 1823 1058 1904 populi
1077 1841 1113 1886 se
1136 1824 1274 1886 iuvarent

174 1934 254 2012 suis,
283 1950 340 1995 nec
363 1932 392 1994 in
416 1939 551 2014 tempore
573 1936 760 1999 necessitatis
783 1935 880 1998 aliena
902 1934 1031 1997 subsidia
1054 1933 1271 1998 desiderarent.

173 2045 280 2108 Melius
311 2045 390 2106 enim
420 2043 475 2108 luit
507 2045 648 2109 conferre
678 2045 788 2127 aliquid
811 2046 849 2109 de
872 2046 1036 2125 fructibus,
1064 2064 1154 2127 quam
1178 2051 1273 2110 totum

173 2157 212 2220 de
233 2159 299 2220 iure
322 2158 467 2220 amittere.
513 2159 648 2232 Quintam
666 2161 835 2241 portionem
858 2159 1035 2222 conlationis
1057 2159 1167 2238 statuit,
1189 2165 1221 2221 et
1242 2160 1273 2223 iu

171 2253 358 2353 providendo
380 2270 583 2351 perspicacior
601 2278 632 2333 et
646 2272 677 2334 in
691 2273 801 2335 tributo
816 2272 975 2335 liberalior.
1020 2271 1160 2351 Denique
1181 2289 1273 2335 uum-

173 2399 261 2462 quam
281 2389 389 2462 postea
412 2381 569 2466 Aegyptus
590 2384 758 2448 huiusmodi
779 2383 887 2447 lamam
908 2383 1037 2466 pertulit.

259 2488 311 2559 82.
357 2495 451 2568 Quam
479 2495 636 2576 praeclare
659 2501 756 2560 autem
779 2493 903 2577 collegit
924 2493 1040 2558 futural
1057 2489 1091 2577 ³)
1134 2470 1273 2573 Prbnum,

172 2621 260 2684 quarn
295 2609 402 2686 argute
435 2607 545 2689 regalis
579 2607 729 2687 interpres
765 2606 873 2669 somnii
910 2606 1064 2669 veritatem
1102 2605 1274 2688 expressit!

172 2715 324 2781 Somnium
345 2717 428 2800 regis
455 2718 580 2798 primum
602 2717 661 2798 boc
683 2716 747 2780 fuit.
792 2717 912 2798 Septem
941 2715 1088 2780 iuvencae
1120 2701 1273 2782 ascende-

173 2830 244 2894 bant
268 2829 305 2892 de
327 2829 458 2911 flumine,
480 2833 548 2895 visu
570 2832 700 2895 decorae
716 2837 747 2894 ct
763 2832 891 2915 pingues
914 2848 1053 2913 corpore,
1077 2837 1108 2893 et
1129 2831 1276 2904 adoram

172 2942 370 3024 pascebantur
398 2941 536 3005 fluminis.
579 2941 666 3005 Aliae
696 2959 818 3022 quoque
839 2941 952 3005 vitulae
974 2941 1040 3005 visu
1063 2939 1217 3007 deformes
1239 2959 1276 3006 ac

172 3054 289 3117 ieiunae
311 3072 442 3136 corpore
463 3055 619 3137 pastillas
642 3056 785 3119 iuvencas
813 3053 1017 3119 ascendebant
1037 3053 1077 3117 de
1099 3052 1223 3119 flumine
1245 3061 1276 3119 et

172 3166 254 3229 iuxta
277 3183 329 3229 eas
351 3167 381 3230 in
402 3168 470 3249 ipso
491 3170 623 3250 riparum
644 3175 712 3232 toro
735 3169 949 3250 pascebantur}
973 3172 1004 3229 et
1024 3166 1106 3230 visae
1129 3172 1200 3235 snat
1219 3167 1276 3230 bac

172 3279 282 3342 vitulae
313 3284 419 3343 tenuas
448 3288 537 3363 atque
567 3280 662 3344 exiles
690 3278 841 3344 devorare
869 3279 953 3358 illas,
983 3295 1061 3361 quac
1082 3279 1276 3360 praestabant

173 3396 204 3456 et
225 3390 322 3454 forma
344 3398 375 3454 ct
391 3393 496 3475 gratia.
539 3392 579 3455 Et
604 3392 753 3455 somnium
781 3389 946 3455 secundum
968 3390 1028 3454 boc
1050 3387 1120 3453 luit:
1154 3389 1276 3473 Septem

145 3528 150 3535 ·
172 3502 274 3585 spicae
295 3503 441 3586 pingues,
469 3503 585 3567 electae
607 3509 636 3565 et
657 3503 757 3567 bonae
779 3502 817 3566 dc
840 3510 922 3569 terra
944 3502 1126 3586 surgebant,
1153 3508 1185 3564 et
1206 3507 1277 3587 post

173 3631 226 3677 eas
255 3620 369 3696 septem
399 3615 501 3697 spicae
530 3616 628 3680 exiles
651 3623 681 3678 et
703 3621 793 3680 vento
825 3622 986 3699 corruptae
1008 3633 1044 3679 ac
1066 3614 1218 3679 marcidae
1240 3631 1277 3678 se

173 3727 314 3792 subicere
335 3728 542 3808 moliebantur,
564 3735 595 3791 et
616 3729 712 3792 visum
733 3735 780 3793 est
800 3728 881 3809 quod
895 3729 989 3793 laetas
1004 3734 1036 3790 et
1049 3722 1160 3791 uberes
1176 3727 1276 3808 spicas

175 3839 296 3904 steriles
318 3842 420 3921 spicae
442 3845 473 3901 et
494 3845 601 3905 tenues
625 3838 855 3903 devoraverunt

247 4075 274 4142 l)
293 4075 385 4132 Gener.
403 4076 447 4143 tr,
467 4075 499 4128 14
517 4091 572 4145 scq.
655 4079 685 4148 2)
702 4075 767 4131 lbid.
785 4093 811 4129 v.
830 4077 872 4134 25.
917 4160 919 4164 ,
955 4078 985 4147 3)
1000 4077 1070 4160 brt.
1086 4077 1133 4148 41,
1151 4077 1275 4161 bistugq.
