2692 4666
122 310 184 375 126
566 306 591 359 s.
611 305 766 361 anaaosn

122 470 212 532 veris.
266 468 376 532 Contra
411 485 529 549 quoqne
563 476 717 531 strenuum
751 485 819 531 esse
853 469 884 530 in
917 468 1076 551 operibns,
1112 467 1219 531 alienu

121 578 259 661 infidum,
290 583 328 643 ita
351 588 418 660 est,
451 600 486 642 ac
509 580 535 642 si
557 580 665 643 vitioso
696 578 886 643 fundamento
912 581 1034 660 pulchra
1061 582 1219 646 culminum

121 696 196 760 velis
221 698 342 759 elevare
372 695 506 779 fastigia:
538 714 598 776 quo
621 696 685 777 plus
709 697 871 773 struxeris,
902 697 967 779 plus
990 699 1121 777 corruit,
1151 699 1218 779 quia

122 812 186 873 sine
209 812 390 874 munimento
413 809 482 873 fidei
504 812 583 872 bona
607 828 700 890 opera
725 828 783 871 non
806 816 932 890 possunt
953 829 1083 874 manere.
1129 811 1218 875 lnlida

122 925 208 988 statio
227 925 257 987 in
280 931 367 1006 portu
391 943 496 987 navem
518 924 653 1006 perforat
676 931 706 986 et
728 924 907 988 harenosum
930 925 1024 988 solam
1047 927 1109 988 cito
1131 924 1217 1004 cedit,

122 1056 178 1099 nec
201 1046 302 1119 potest
331 1041 477 1121 inpositae
509 1037 721 1102 aedificationis
752 1041 901 1102 sustinere
931 1057 1032 1103 onera.
1077 1038 1121 1101 lbi
1143 1056 1217 1121 ergo

121 1151 274 1231 plenitudo
298 1155 436 1235 praemii,
460 1155 511 1216 ubi
532 1155 671 1216 virtutum
693 1154 838 1236 perfectio
862 1160 892 1216 et
914 1153 1057 1235 quaedam
1080 1155 1112 1217 in
1135 1153 1218 1217 factis

123 1271 211 1348 atque
234 1268 319 1331 dictis
342 1269 504 1351 aequalitas
526 1268 704 1334 sobrietatis.

482 1564 485 1569 ·
535 1527 707 1593 CAPUT
742 1526 800 1591 Ill.

122 1692 205 1745 Petita
224 1710 239 1744 a
257 1694 386 1760 scripturis
404 1691 566 1744 beatitudinis
591 1693 702 1744 delinitio
729 1691 879 1759 expenditur
905 1691 1141 1760 demonstraturque
1159 1693 1219 1745 nihil

123 1781 172 1849 ipsi
190 1780 233 1833 vel
252 1788 357 1849 propter
375 1788 480 1832 externa
497 1779 565 1832 bona
584 1779 718 1844 accedere,
737 1779 778 1830 vel
793 1778 920 1831 decedere
933 1788 1038 1846 propter
1050 1779 1218 1832 incommoda.

210 1939 239 2004 8.
284 1941 320 2003 El
354 1941 492 2022 quoniam
526 1940 591 2003 sola
624 1957 724 2001 rerum
757 1940 880 2003 scientia
909 1940 1038 2029 explosa
1071 1948 1135 2019 est,
1172 1941 1220 2004 vel

124 2057 208 2137 quasi
238 2056 333 2118 inanis
364 2053 527 2119 secundum
559 2053 764 2135 philosophiae
797 2054 1010 2135 disputationes
1041 2054 1219 2136 superfluas,

122 2169 172 2232 vel
194 2170 277 2252 quasi
300 2168 507 2251 semiperfecta
533 2170 695 2246 sententia,
729 2168 954 2233 consideremus
981 2187 1068 2250 quam
1092 2171 1220 2233 enodem

123 2283 161 2345 de
185 2301 223 2346 eo
247 2284 392 2364 scriptura
416 2281 514 2344 divina
537 2283 671 2344 absolvat
692 2284 884 2360 sententiam,
916 2283 1034 2364 dequo
1058 2291 1116 2347 mm
1139 2285 1219 2347 mul-

122 2398 238 2480 tiplices
261 2405 291 2460 et
312 2397 464 2478 inplicatas
488 2403 576 2476 atque
606 2395 745 2459 confusas
774 2396 907 2459 videmus
936 2415 1005 2461 esse
1028 2400 1219 2480 quaestiones

122 2513 336 2597 philosophiae.
380 2513 459 2576 Nihil
483 2514 560 2574 enim
582 2513 692 2575 bonum
715 2513 860 2594 scriptura
882 2513 939 2576 nisi
959 2511 1038 2593 quod
1060 2512 1219 2576 honestum

123 2629 235 2692 adserit
258 2629 455 2708 virtutemque
478 2629 508 2689 in
530 2627 609 2690 omni
631 2645 731 2688 rerum
755 2633 831 2690 statu
855 2627 968 2690 beatam
990 2625 1117 2705 iudicat,
1141 2645 1218 2708 quae

122 2761 221 2824 neque
244 2749 389 2825 augeatur
412 2742 499 2804 bonis
524 2742 676 2822 corporis,
705 2741 753 2802 vel
775 2742 924 2818 externis,
949 2759 1047 2821 neque
1068 2741 1218 2804 minuatur

124 2854 277 2932 adversis;
308 2855 441 2935 nihilque
463 2860 521 2914 tam
543 2854 680 2931 beatum,
713 2853 768 2914 nisi
792 2851 873 2932 quod
896 2871 912 2914 a
934 2850 1058 2933 peccato
1089 2853 1217 2918 alienum

123 2971 179 3050 sit,
210 2970 327 3052 plenum
354 2969 562 3046 innocentiae,
594 2966 741 3048 repletum
764 2966 877 3048 gratiae
899 2964 956 3051 dai.
1001 2965 1149 3048 Scriptum
1173 2973 1217 3030 est

124 3085 218 3149 eninr:
239 3080 267 3167 ¹)
295 3082 409 3145 Baulos
432 3083 500 3157 eir,
530 3081 583 3162 qod
605 3099 668 3142 non
692 3078 770 3140 obiit
791 3079 824 3140 ln
847 3078 981 3142 oonsilio
1002 3079 1169 3158 amplorum
1189 3088 1218 3142 ct

124 3198 158 3258 in
180 3197 233 3259 oia
251 3203 452 3276 peccatoram
474 3213 537 3256 non
560 3196 645 3256 stetit
662 3201 692 3255 ot
706 3194 739 3254 in
762 3194 913 3255 cathedra
931 3192 1134 3272 pestilentiae
1156 3213 1216 3257 non

124 3310 227 3388 sedit,
257 3310 314 3371 sed
343 3310 376 3370 in
401 3309 465 3389 lepe
494 3309 612 3370 domini
641 3306 703 3384 fail
731 3307 875 3371 colantes
905 3307 981 3369 ea'os.
1025 3305 1062 3368 Et
1084 3307 1169 3370 alibi:
1185 3303 1215 3390 ²)

124 3422 214 3486 bean
236 3423 418 3485 inmaculati
441 3421 475 3483 in
496 3421 568 3497 oia,
593 3421 647 3499 qul
671 3418 884 3482 ambulantia
907 3420 1119 3499 lepc'doma'na'.

211 3533 240 3600 9.
285 3537 456 3599 Innocentio
485 3536 573 3618 igitur
604 3540 632 3597 et
654 3534 776 3598 scientia
806 3535 924 3597 beatum
951 3532 1070 3597 iaciunt
1116 3535 1215 3599 Bonae

126 3667 245 3732 quoque
269 3649 450 3731 operationis
473 3646 641 3710 mercedem
657 3664 726 3710 esse
741 3645 951 3709 beatitudinem
973 3647 1052 3711 vitae
1075 3654 1215 3713 aeternae

125 3763 262 3845 superins
293 3762 480 3826 advertimus.
525 3762 627 3824 Restat
655 3762 761 3844 igitur,
791 3767 824 3824 ut
845 3766 946 3842 spreto
969 3762 1135 3842 patrocinio
1157 3780 1215 3826 vo-

126 3876 243 3959 luptatis
265 3883 314 3939 aut
338 3875 451 3942 doloris
473 3884 570 3956 metu,
599 3894 725 3958 quorum
755 3875 879 3938 alteram
902 3876 987 3957 quasi
1009 3874 1166 3940 infractum
1188 3881 1216 3938 et

199 4121 227 4190 1)
244 4118 334 4174 Psalm
354 4120 380 4187 1,
399 4119 411 4170 1
431 4135 485 4188 seq.
556 4118 585 4184 2)
603 4115 667 4169 Ibid.
689 4115 747 4181 118,
770 4114 791 4166 Ι.
