2692 4666
134 342 208 410 354-
267 379 271 387 ·
552 340 806 396 nonorsuonss

132 498 186 552 Bac
204 508 230 552 ct
249 499 290 552 ed.
310 497 383 567 Col,
408 504 548 571 postmodi
572 501 650 552 babet
668 499 717 570 hig.
754 501 821 555 Boin
844 505 981 574 acppptioa
1005 517 1119 573 moxque
1144 506 1224 575 samos

134 589 262 657 exemplar
280 588 347 642 hled.
796 582 807 602 ⁶

202 680 226 744 §.
245 679 295 747 82,
315 678 339 731 1.
363 682 457 748 futuro
479 682 595 750 prinum
613 676 657 731 Ba.
700 678 725 732 3.
751 690 812 739 toro
833 688 903 733 tecto
921 680 961 733 W.
983 679 1029 732 lla.
1050 679 1106 733 Bbo
1126 688 1153 732 et
1170 679 1223 732 odd.

132 786 205 839 Rom.
226 795 302 855 atque
320 783 401 851 Gilb.,
421 750 492 838 thoro
514 786 542 850 (h
561 784 592 836 ab
612 802 631 838 r.
651 802 683 837 m.
703 787 842 854 suprascr.)
862 785 912 851 Ba,
932 791 1005 840 thoro
1024 785 1100 837 codd.
1123 793 1150 837 et
1168 785 1223 838 edd.

132 874 188 927 rell.
225 872 274 925 Pro
293 879 341 927 hac
359 871 395 924 Bo
412 891 463 927 cao.
506 873 530 924 9.
550 877 586 926 m
602 876 749 942 somnium]
768 874 805 926 lta
827 876 884 927 cdd.
905 883 1012 942 excepto
1032 874 1106 940 Col,
1134 877 1160 927 in
1180 891 1223 943 qna

131 965 224 1032 legitur
252 973 275 1016 ct
302 965 459 1031 sompnium.
508 960 587 1012 Codd.
616 961 648 1012 W
677 970 702 1013 ct
731 962 844 1015 llonacc.
877 962 998 1014 exhibent
1027 973 1054 1015 at
1083 967 1223 1017 somnium.

131 1052 208 1105 4-3.
230 1051 261 1102 ab
281 1053 323 1101 im.
341 1061 432 1120 posteo
444 1048 484 1100 W.
514 1048 572 1101 lllox
590 1069 606 1104 n
623 1061 698 1105 comto
711 1050 743 1101 W
756 1060 782 1102 et
796 1051 909 1103 lllonacc.
940 1051 1044 1103 Rectius
1063 1059 1149 1102 tamen
1169 1049 1223 1100 cdd.

130 1140 345 1208 praepositionem
369 1139 491 1191 omittunt.
528 1137 593 1190 Dein
618 1155 674 1191 curn
698 1138 755 1191 cdd.
782 1137 837 1191 Col.
863 1148 890 1192 et
915 1139 980 1191 bled.
1006 1138 1112 1190 codices
1139 1153 1223 1190 omnes

130 1228 244 1281 scribunt
262 1229 386 1280 madidae.
423 1227 447 1276 2.
467 1227 498 1278 ab
517 1229 558 1277 im.
577 1231 699 1281 subicere
719 1228 793 1279 codd.
813 1237 839 1281 et
857 1229 898 1281 ed.
918 1222 983 1294 cil,
1002 1231 1138 1282 subiicere
1156 1226 1222 1294 vulg.

129 1316 156 1372 L.
170 1334 208 1385 sq.
227 1320 319 1386 spicae
336 1318 442 1392 steriles
456 1314 523 1368 Bahc
542 1324 568 1366 et
587 1317 629 1367 cd.
643 1315 717 1381 bled,
737 1322 826 1386 spicae
844 1328 934 1372 tonnas
951 1326 975 1371 et
992 1320 1102 1371 steriles
1114 1314 1156 1366 ed.
1171 1312 1222 1366 Col.

129 1437 190 1490 Tum
204 1397 397 1522 devoraverint
409 1438 459 1503 lld,
479 1441 663 1492 devoraverint
676 1436 708 1487 W
721 1446 746 1488 et
760 1439 838 1490 ceteri
850 1437 972 1505 hlonncc,
992 1443 1152 1494 devorarent
1164 1438 1222 1491 Bbc.

200 1548 224 1610 §.
245 1544 293 1609 83,
315 1543 336 1595 1.
362 1547 512 1613 sompnium
537 1541 576 1593 ed.
598 1541 652 1593 sol.
700 1543 723 1594 3.
748 1548 804 1612 fetu
828 1543 864 1594 Bc
890 1553 916 1595 ct
934 1542 1037 1613 llhcdlg
1061 1562 1083 1596 c.
1110 1543 1151 1595 ed.
1170 1541 1221 1594 Col.

131 1632 155 1682 4.
175 1634 246 1700 fetos
266 1628 319 1681 Bbc
338 1639 364 1681 ct
382 1630 464 1698 lllcdg,
484 1631 632 1698 quibuscum
651 1632 727 1682 etiam
748 1632 887 1684 concordat
904 1631 1033 1700 exemplar
1052 1630 1124 1695 Col.;
1146 1632 1222 1711 ceteri

129 1751 186 1803 libri
205 1753 292 1819 scripti
316 1760 341 1807 ct
361 1754 422 1804 editi
441 1768 487 1820 pro
510 1754 616 1821 simplici
635 1773 649 1808 c
667 1754 731 1806 male
750 1754 932 1823 diphthongum
951 1755 1054 1807 habent.
1097 1757 1174 1809 5-6.
1193 1714 1222 1828 l⁰

129 1852 153 1895 ot
171 1846 234 1896 otini
251 1852 276 1897 ot
293 1855 408 1912 temporo
425 1843 472 1908 Bb,
491 1848 548 1897 dias
567 1847 630 1896 orriri
649 1849 786 1909 [commate
804 1858 854 1895 non
874 1844 1037 1910 interposito)
1058 1842 1179 1895 exhibent
1192 1841 1222 1893 W

130 1936 156 1979 et
175 1931 235 1982 cdd.
253 1938 314 1982 vett.
335 1948 357 1983 c.
377 1930 476 1983 Ernsm.
496 1940 571 2000 atquc
590 1931 692 1997 Piston,
711 1935 775 1984 ostiti
793 1946 842 1982 om.
861 1931 936 1983 codd.
955 1931 1068 1983 Monate.
1108 1929 1174 1983 Dein
1192 1929 1222 1981 W

129 2019 220 2070 scribit
237 2021 373 2088 {lominum
391 2029 557 2090 praetereunt
575 2024 687 2074 rnodnm.
724 2019 757 2070 Et
775 2021 808 2071 ita
826 2006 909 2087 primo
928 2018 1062 2088 legebatur
1079 2020 1106 2072 in
1126 2019 1180 2086 tta,
1197 2019 1221 2068 in

130 2139 180 2209 quo
199 2140 219 2174 r.
239 2141 272 2176 m.
292 2124 360 2176 dedit
378 2092 407 2128 aa
424 2128 562 2195 {luminum
576 2156 609 2164 -
620 2130 732 2180 rnodom.
765 2124 849 2177 Ceteri
867 2125 981 2177 Monacc.
1000 2126 1067 2177 hanc
1085 2124 1221 2177 lectionem

130 2211 155 2261 in
180 2211 235 2263 ord.
259 2212 361 2265 hahent.
397 2213 454 2265 llox
479 2231 589 2268 currum
612 2231 649 2282 pr.
669 2214 710 2266 lli.
748 2217 771 2266 7.
795 2207 891 2268 cheron
916 2213 956 2265 W.
982 2210 1036 2265 th
1060 2222 1085 2265 et
1113 2212 1220 2282 llhcdig,

130 2299 222 2365 quibus
247 2301 431 2367 adstipulantur
456 2300 514 2352 edd.
539 2309 602 2352 vett.
628 2317 649 2352 c.
673 2299 769 2352 Brasm.
795 2309 820 2353 ct
839 2301 930 2353 Pistor.
967 2300 1005 2354 Ex
1023 2306 1120 2355 cheros
1140 2304 1164 2353 in
1184 2301 1221 2352 lla

129 2396 229 2439 enatum
249 2397 287 2439 cst
307 2393 438 2458 obertate,
468 2389 535 2457 qnod
554 2390 629 2441 offert
646 2390 721 2441 etiam
742 2389 791 2442 lle.
828 2389 882 2442 Nec
904 2387 1095 2509 aliterrlcgitur
1119 2389 1144 2440 in
1163 2389 1220 2440 edd.
1269 2386 1273 2401 '

989 2466 1071 2499 “luftu

129 2507 197 2561 Cost.
217 2519 243 2563 ct
258 2510 329 2564 Rom.
363 2511 473 2563 Tandem
492 2517 583 2568 aterio
601 2513 892 2585 correxerunthlpnrini.
930 2513 955 2564 8.
973 2519 1082 2583 fructm
1100 2512 1220 2582 (futuros

128 2614 141 2649 a
162 2613 182 2650 r.
201 2615 234 2650 m.
254 2602 395 2668 supersenj
413 2600 459 2652 Bb.
497 2602 520 2655 9.
540 2619 570 2654 ac
589 2605 746 2671 infecundos
765 2602 832 2653 idem
853 2601 925 2652 liber.
964 2600 1025 2652 Tum
1047 2605 1221 2672 adsumptum

129 2684 173 2738 Bc.
210 2685 304 2738 9-10.
324 2693 467 2743 ammonuit
484 2688 525 2739 W.
545 2679 636 2756 llahcg
655 2697 680 2740 et
699 2687 735 2739 Bb
757 2706 779 2742 c.
799 2690 839 2741 cd.
858 2688 912 2740 Col.

456 2797 471 2833 d
596 2791 612 2817 rt
727 2785 738 2813 8

197 2829 222 2893 §-
242 2830 285 2894 ar,
307 2831 380 2882 1-2.
407 2850 455 2900 qao
495 2833 523 2883 m
549 2811 609 2900 aaa
635 2859 666 2867 --
692 2787 827 2916 piscenas
850 2829 904 2895 rra,
933 2834 1001 2900 qma
1022 2833 1052 2885 m
1074 2833 1164 2900 spiam
1189 2860 1218 2870 -

126 2910 258 3036 discendit
276 2951 325 3017 lle,
345 2957 413 3022 potori
429 2959 458 3009 in
476 2959 563 3025 ipsum
582 2985 615 2992 -
634 2959 754 3009 accondit
773 2957 852 3007 ceteri
870 2954 999 3020 hlonacc.;
1020 2958 1050 3008 in
1067 2958 1128 3024 ipso
1145 2954 1178 3005 W
1196 2961 1220 3004 et

125 3057 169 3112 Ba.
206 3061 230 3110 4.
250 3078 362 3129 quorum
381 3060 419 3112 W.
441 3060 516 3112 llael.
536 3060 598 3114 Bab.
634 3061 700 3114 Dein
720 3062 890 3116 ulteramhle
908 3071 933 3114 et
950 3076 989 3129 pr.
1008 3059 1056 3111 lla.
1101 3060 1125 3111 5.
1145 3077 1218 3113 com-

124 3157 223 3199 mcotoa
236 3145 290 3212 W,
317 3149 376 3200 item
395 3165 410 3198 a
429 3165 460 3199 m.
480 3164 517 3215 pr.
537 3147 592 3214 illa,
619 3165 649 3200 ox
669 3151 830 3201 correctione
849 3156 933 3201 autem
954 3156 1123 3201 commeatus·
1160 3144 1219 3196 Turn

124 3238 208 3288 altero
227 3254 291 3304 quoa
308 3237 338 3286 W
359 3245 385 3288 et
403 3235 455 3287 Bac
475 3253 531 3288 cum
550 3238 608 3289 edd.
623 3235 678 3289 Col.
697 3247 775 3306 atque
789 3236 854 3287 hlcd.
892 3234 919 3286 ln
937 3234 977 3287 hia
996 3253 1070 3304 quac,
1088 3242 1118 3285 ut
1136 3249 1174 3300 pr.
1188 3248 1218 3283 m.

124 3327 276 3391 scripserat,
302 3343 354 3380 ar.
374 3333 494 3377 mutatum
521 3335 558 3377 est
582 3328 606 3376 in
632 3310 699 3396 pria,
726 3324 793 3394 quod
817 3327 841 3375 in
867 3325 958 3375 ceteris
984 3308 1085 3393 qaoque
1105 3322 1217 3373 hlonacc.

123 3417 216 3482 reperi.
258 3413 378 3466 Omittunt
404 3433 451 3485 poc
477 3415 514 3466 Bb
541 3425 567 3466 et
592 3414 649 3466 edd.
677 3414 780 3465 Amcrh.
808 3412 904 3464 Erasm.
932 3410 1000 3463 Cost.
1028 3409 1121 3462 Pistor.
1148 3409 1218 3461 Rom.

124 3504 147 3554 7.
167 3506 277 3568 rettulit,
297 3504 363 3571 quod
383 3521 433 3556 non
453 3505 578 3573 displicet,
601 3503 730 3570 exemplar
748 3502 814 3554 lled.
849 3501 888 3552 De
909 3516 957 3569 qua
976 3501 1100 3569 scripturo
1120 3501 1171 3551 dixi
1188 3498 1218 3549 ad

123 3588 141 3641 l.
163 3589 203 3642 12.
231 3593 256 3656 δ.
276 3592 318 3656 44,
342 3592 415 3644 1-2.
452 3593 509 3644 llox
526 3597 614 3663 famem
633 3591 663 3640 W
683 3591 844 3658 conspirante
863 3588 905 3639 ed.
924 3589 990 3640 med.
1032 3587 1057 3640 8.
1077 3593 1218 3658 quodcum

123 3680 212 3731 eadem
233 3680 274 3730 od.
295 3680 368 3732 codd.
389 3678 442 3730 Bab
463 3689 488 3730 ct
506 3679 600 3731 lllbcdl.
637 3678 674 3730 lta
693 3695 730 3746 pr.
751 3680 827 3729 etiam
847 3677 902 3742 hln,
921 3694 953 3728 cx
971 3691 1037 3728 corr.
1056 3685 1142 3728 tamen
1160 3695 1217 3746 prta.

193 3770 215 3832 §.
235 3768 278 3832 85,
300 3769 322 3819 1.
348 3772 446 3821 dicitur
471 3789 486 3822 n
508 3777 585 3838 patra
603 3766 648 3818 Bb.
687 3766 748 3817 Tum
771 3770 845 3836 fitius
863 3768 1006 3834 ampliatus
1024 3782 1099 3818 mous
1117 3766 1217 3830 ioseph,

120 3859 193 3923 pitius
211 3873 287 3909 mmm
306 3855 370 3922 [hiat
387 3856 429 3906 hic
446 3872 537 3924 magna
554 3855 645 3906 lacuna
665 3870 696 3905 ex
714 3870 800 3906 rasura
821 3852 920 3922 exorta)
940 3855 1101 3922 ampliatur,
1118 3853 1218 3904 solatas

119 3949 193 4012 {ilios
212 3963 298 4012 meus,
317 3949 391 4014 fitius
410 3963 485 3999 motta
504 3948 695 3999 adoliscentior
707 3943 738 3991 W
740 3970 956 4008 -----
973 3943 1046 4008 fitius
1065 3942 1217 4007 ampliatus,

120 4036 221 4087 zelotes
239 4037 313 4102 fitius
331 4051 415 4096 micus,
435 4036 469 4102 fit.
488 4051 521 4084 m.
540 4036 655 4084 adoleat.
675 4029 733 4082 libri
751 4028 864 4081 llonnco.
884 4036 911 4080 ct
926 4026 972 4078 Bb.
1003 4024 1054 4079 Sed
1072 4024 1145 4077 llhci
1161 4032 1218 4099 aute

120 4134 145 4170 v.
171 4124 271 4175 sciolos
297 4136 347 4172 non
373 4122 534 4189 distinguunt.
577 4124 667 4174 Filius
692 4136 767 4173 mous
793 4121 907 4187 amplios
930 4119 1023 4185 ioseph
1047 4117 1121 4184 filins
1145 4129 1217 4168 mont
1232 4108 1242 4117 ”

121 4210 238 4275 amptius
256 4211 356 4264 zelotes
374 4213 447 4278 {ttius
465 4225 541 4264 meos
559 4211 752 4264 odoteacemtior
767 4207 822 4261 sino
841 4205 893 4259 ulla
911 4203 1080 4258 distinctionis
1098 4212 1160 4256 nota
1178 4201 1217 4254 cd.
