2692 4666
128 320 192 385 190
579 311 604 363 s.
624 309 781 365 uuanosu

126 478 184 541 soli
207 483 310 559 partus
333 474 527 558 ingemescis,
559 471 614 533 fles
636 471 781 552 publicam
805 470 1002 554 fertilitatem,
1028 477 1141 540 horrea
1164 477 1231 541 fru-

126 608 197 672 gum
231 588 318 668 plena
353 586 512 666 deploras,
547 583 708 663 exploras,
743 583 862 664 quando
897 587 1030 653 sterilior
1063 599 1230 671 proventus

126 702 181 780 sit,
214 700 333 782 quando
358 699 465 761 exilior
487 705 598 779 partus.
643 698 727 760 Votis
750 698 807 761 tuis
830 699 944 781 gaudes
967 703 1109 766 arrisisse
1133 704 1231 769 male-

126 814 253 894 dictum,
291 819 322 877 ut
354 813 427 876 nihil
462 813 597 892 cuiquam
630 818 814 874 nasceretur.
872 812 955 876 'func
986 834 1117 879 messem
1152 823 1230 880 tuam

127 930 249 991 venisse
271 927 411 1004 lactaris,
444 933 515 987 tunc
538 925 590 986 tibi
612 923 650 986 de
673 926 804 989 omnium
827 927 944 989 miseria
968 931 1111 1012 congeris
1136 949 1230 1012 opcs;

127 1049 157 1103 ct
179 1042 255 1104 bano
278 1048 309 1102 tu
331 1038 505 1101 industriam
527 1054 640 1117 vocas,
670 1037 748 1101 banc
770 1036 952 1120 diligentiam
974 1044 1130 1122 nominas,
1154 1062 1231 1125 quac

128 1155 292 1217 calliditatis
315 1152 464 1230 versutia,
488 1169 565 1231 quae
588 1151 693 1213 astutia
718 1150 829 1214 fraudis
853 1160 914 1228 est3
941 1160 971 1216 et
994 1156 1052 1220 hoc
1076 1163 1108 1218 tu
1126 1174 1230 1219 reme-

128 1271 207 1333 dium
241 1287 352 1347 vocas,
390 1267 470 1347 quod
505 1271 552 1327 est
585 1272 782 1329 commentum
816 1269 974 1348 nequitiae.
1026 1268 1229 1332 Latrocinium

126 1384 202 1462 hoc,
232 1401 269 1445 an
292 1382 378 1443 fenus
402 1380 572 1462 appellem?
618 1380 778 1461 Captautur
800 1389 947 1463 tamquam
977 1383 1126 1446 latrocinii
1150 1389 1228 1446 teur-

125 1516 217 1580 pora,
248 1497 355 1576 quibus
384 1495 413 1554 in
442 1495 559 1556 viscera
590 1492 739 1557 hominum
762 1480 865 1558 ¹durus
898 1494 1055 1559 insidiator
1089 1498 1228 1578 obrepas.

125 1610 262 1692 Augetur
295 1610 420 1689 pretium
444 1617 590 1689 tamquam
614 1618 697 1672 sorte
720 1610 898 1673 cumulatum
922 1609 1052 1689 fenoris,
1084 1628 1146 1692 quo
1168 1629 1227 1692 pc-

124 1721 250 1783 riculum
284 1721 388 1802 capitis
421 1727 587 1783 acervatur.
633 1721 699 1783 Tibi
722 1720 859 1784 conditae
892 1721 987 1804 frugis
1020 1722 1227 1805 multiplicatur

126 1851 236 1910 usura;
265 1840 297 1896 lu
320 1833 497 1896 frumentum
522 1836 607 1914 quasi
630 1833 784 1897 fenerator
808 1835 959 1915 occultas,
983 1837 1068 1916 quasi
1091 1836 1227 1899 venditur

130 1949 319 2010 auctionaris.
365 1947 442 2021 Quid
466 1948 630 2029 inprecaris
646 1932 723 2010 male
743 1948 899 2023 cornibus,
923 1951 991 2029 quia
1014 1949 1111 2011 maior
1133 1948 1227 2013 futura

124 2062 163 2123 sit
185 2060 298 2139 fames,
322 2061 408 2141 quasi
431 2059 502 2122 nibil
526 2059 645 2142 frugum
669 2061 816 2141 supersit,
849 2061 935 2141 quasi
957 2059 1149 2126 infecundior
1171 2079 1226 2125 ao·

125 2192 181 2236 nus
205 2174 371 2254 sequatur?
415 2172 542 2235 Lucrum
566 2179 647 2236 tuum
670 2173 808 2235 damnum
832 2173 980 2255 publicum
1003 2181 1059 2237 est.

210 2283 261 2348 42.
306 2285 414 2367 loseph
437 2293 557 2348 sanctus
583 2289 718 2350 omnibus
741 2288 857 2368 apcruit
879 2287 998 2365 horrca,
1013 2285 1043 2369 ¹)
1062 2288 1225 2352 nonclau·

124 2400 179 2478 sit,
203 2417 260 2461 nec
283 2400 377 2481 pretia
402 2401 529 2482 captavit
552 2418 705 2478 annonae,
736 2400 790 2463 sed
814 2418 948 2480 perenne
971 2400 1137 2464 subsidium
1161 2401 1226 2464 col-

124 2513 254 2590 locavit,
287 2511 360 2575 nihil
383 2512 438 2575 sibi
462 2513 636 2595 adquisivit,
659 2513 714 2575 sed
737 2513 985 2594 quemadmodum
1014 2512 1111 2577 fames
1141 2516 1226 2579 eatan

125 2625 155 2687 in
179 2631 333 2707 posterum
357 2627 546 2705 vinceretur,
568 2627 694 2707 provida
717 2627 904 2689 ordinatione
928 2627 1098 2708 disposuit'

210 2735 261 2801 43.
307 2739 433 2822 Legisti,
465 2740 712 2821 quemadmodum
745 2742 824 2805 bunc
856 2739 1039 2804 frumentarii
1061 2741 1153 2822 pretii
1174 2759 1226 2805 ca·

123 2857 267 2933 ptatorem
292 2861 422 2934 exponat
446 2857 475 2916 in
494 2857 653 2940 evangelio
676 2857 813 2920 dominus
837 2855 937 2934 lesus,
961 2855 1046 2919 ouius
1070 2854 1225 2935 possessio

124 2964 234 3026 divites
265 2964 377 3028 fructus
409 2968 518 3047 attulit,
550 2976 580 3032 et
601 2971 651 3032 ille
682 2971 767 3051 quasi
797 2987 893 3052 egeus
923 2969 1056 3033 dicabat:
1074 2962 1108 3050 ²)
1144 2965 1225 3054 Quid

121 3078 262 3156 focium?
308 3078 380 3141 Nou
402 3080 500 3143 babeo
522 3101 581 3162 quo
605 3102 787 3164 congregem
794 3101 806 3154 ;
837 3084 996 3145 destruam
1019 3080 1139 3143 borceo
1159 3082 1225 3143 ιιὲα

123 3197 154 3250 ct
176 3191 302 3252 maiora
323 3191 459 3271 foetam,
484 3213 550 3258 oum
574 3196 653 3258 scire
668 3214 728 3260 non
744 3202 849 3277 posset
863 3200 961 3257 utrum
980 3191 1120 3274 sequenti
1136 3198 1223 3255 nocta

122 3301 218 3364 anima
235 3320 287 3364 sua
304 3304 341 3364 ab
359 3305 464 3367 eodem
481 3312 679 3387 repeteretur.
718 3305 878 3368 Nesciebat
894 3305 964 3386 quid
987 3304 1103 3367 faceret
1108 3325 1119 3382 3
1142 3303 1225 3386 quasi

123 3413 152 3474 ci
172 3412 308 3478 alimenta
327 3416 478 3495 deessent,
501 3417 642 3479 haerebat
661 3417 809 3498 anabiguo.
848 3415 916 3479 Nou
939 3415 1096 3497 capiebant
1115 3414 1224 3479 horrea

81 3524 84 3533 '
121 3543 286 3606 annonam,
311 3536 341 3592 et
362 3530 412 3593 ille
433 3547 469 3594 se
490 3549 584 3615 egero
607 3529 756 3593 credebat.

210 3638 261 3704 44.
306 3641 398 3704 Recte
421 3645 512 3726 igitur
534 3643 690 3708 Salomon:
708 3639 740 3726 ³)
772 3641 832 3717 (tut
854 3641 1002 3718 eontinet,
1026 3640 1131 3722 iuquit,
1152 3642 1223 3722 fru-

121 3763 272 3831 mentum,
296 3756 449 3836 relinquet
470 3759 550 3820 ittud
573 3757 773 3833 ustionibus,
797 3774 859 3819 non
878 3751 1062 3832 heredibus,
1085 3753 1224 3834 quoniam

122 3868 266 3931 avaritiae
302 3869 532 3933 emolumenturn
566 3870 604 3935 ad
637 3887 849 3934 successorum
882 3869 948 3935 iura
980 3884 1044 3931 non
1076 3864 1224 3951 parvenit

193 4109 224 4177 r)
242 4108 304 4165 aea.
323 4108 367 4176 ar,
387 4111 428 4164 sc.
499 4112 529 4180 a)
546 4109 607 4164 uua.
627 4111 670 4178 12,
690 4110 804 4164 ar-ro.
874 4109 906 4176 a)
919 4108 997 4164 raon
1016 4107 1063 4176 11.
1078 4066 1125 4165 aa.
1147 4126 1162 4155 .-
