2692 4666
187 316 248 381 136
630 311 654 364 s.
673 309 828 365 nunnosn

184 476 240 538 rito
264 475 307 537 sic
331 475 479 556 expetitus
504 482 550 537 est
572 474 608 537 ab
630 473 772 537 universo
794 473 915 556 popula,
937 480 969 537 ut
992 475 1130 537 venirent
1152 471 1191 536 ad
1207 491 1273 537 enm

185 606 287 652 omnes
314 589 407 651 tribus
435 587 526 650 lsrael
555 587 706 651 dicentes:
727 584 755 672 ¹)
784 587 865 650 llaee
888 607 947 651 aaa
971 607 1046 651 ossa
1067 578 1124 650 tau
1143 595 1174 650 et
1196 607 1272 652 earo

184 709 238 765 tua
258 721 381 775 samus;
405 703 472 764 beri
495 710 524 764 et
544 702 792 778 nudiustertius,
818 721 884 764 mim
901 709 982 764 esset
996 700 1074 764 Saul
1087 709 1119 764 et
1130 709 1275 784 regnaret

183 835 278 895 saper
300 834 368 892 nos,
393 824 425 878 tu
448 835 520 878 eras
544 817 597 896 qui
617 815 817 895 producebas
840 825 869 878 et
891 814 1063 877 inducebas
1084 813 1194 882 lsrael.
1234 814 1277 876 Et

185 929 268 990 dtett
289 927 345 989 tibi
366 929 526 991 dominus.-
551 929 595 990 Tu
614 948 729 1009 pasces
747 929 895 1009 populum
910 948 1015 991 meam.
1054 928 1090 990 Et
1105 926 1175 1010 quid
1191 928 1274 1010 plura

185 1042 223 1104 de
245 1059 282 1105 eo
306 1042 408 1120 dicam,
432 1041 470 1103 de
493 1060 552 1122 quo
575 1041 742 1105 huiusmodi
766 1041 813 1103 dei
835 1042 984 1122 processit
1006 1042 1161 1120 sententia,
1185 1047 1217 1104 ut
1238 1041 1274 1104 de

186 1175 222 1220 ea
247 1157 375 1229 diceret:
400 1155 503 1219 lnveni
523 1155 618 1218 David
641 1155 803 1219 seeundum
827 1173 880 1218 eor
902 1151 1070 1239 meum?²)
1108 1154 1181 1228 Quis
1198 1156 1275 1217 enim

184 1273 215 1334 in
237 1272 391 1333 sanctitate
414 1268 514 1333 cardis
538 1274 567 1328 et
589 1269 699 1330 iustitia
722 1269 798 1330 sicut
819 1267 877 1330 iste
901 1267 1066 1346 ambulavit,
1088 1273 1122 1329 ut
1141 1267 1276 1348 impleret

185 1385 366 1449 voluntatem
390 1383 456 1462 dei,
488 1388 610 1464 propter
633 1399 721 1462 quem
744 1388 773 1442 et
797 1380 1036 1462 delinquentibus
1058 1381 1188 1462 posteris
1211 1381 1275 1443 eius

186 1500 273 1589 venia
296 1498 361 1560 data
384 1504 414 1560 et
435 1497 644 1579 praerogativa
668 1501 713 1558 est
735 1501 887 1558 reservata
910 1492 1095 1557 heredibus?

272 1612 322 1679 36.
368 1614 440 1688 Quis
462 1614 552 1697 igitur
575 1630 635 1675 non
658 1611 795 1696 diligeret
818 1630 902 1692 eum,
919 1609 951 1695 3)
984 1627 1072 1693 quem
1095 1607 1216 1670 videbat
1237 1607 1276 1669 ita

187 1747 285 1792 aarum
308 1728 425 1807 amicis,
458 1732 506 1806 ιιι,
538 1727 605 1806 quia
628 1727 693 1807 ipse
715 1726 833 1788 sincere
856 1727 967 1788 amieos
990 1723 1148 1807 diligebat,
1180 1740 1276 1803 aeque
1303 1792 1307 1800 .

187 1843 269 1925 diligi
298 1861 332 1905 se
362 1861 378 1902 a
408 1841 469 1904 suis
497 1841 598 1902 amicis
622 1839 841 1904 arbitraretur?
886 1839 1021 1919 Denique
1044 1843 1183 1920 parentes
1208 1854 1276 1898 eum

186 1957 251 2019 filiis
282 1957 360 2034 suia,
392 1954 442 2016 filii
477 1952 686 2035 praeferebant
717 1953 897 2034 parentibus.
942 1951 1027 2014 Unde
1060 1929 1192 2035 graviter
1226 1951 1277 2013 in-

188 2071 324 2153 dignatus
340 2066 408 2133 Saul
431 2073 588 2148 pereutere
603 2066 744 2129 lonatban
766 2065 856 2128 filium
878 2082 963 2128 suum
978 2065 1070 2128 voluit
1091 2066 1189 2144 basta·
1209 2065 1278 2146 quia

187 2183 277 2264 pluris
306 2181 382 2263 apud
413 2199 478 2243 eum
507 2180 608 2243 valere
630 2180 724 2243 David
748 2180 901 2242 amicitiam
923 2179 1086 2259 iudicabat,
1117 2199 1203 2260 quam
1228 2180 1277 2243 vel

188 2297 325 2379 pietatem
349 2295 397 2358 vel
419 2295 621 2357 auctoritatem
647 2300 809 2375 paternam.
826 2288 860 2376 1)

275 2407 325 2473 37.
369 2407 483 2471 Etenim
506 2406 542 2469 ad
565 2408 743 2470 incentivum
766 2407 896 2469 caritatis
928 2408 1090 2470 communis
1120 2407 1277 2488 plurimum

187 2522 318 2605 proficit,
342 2521 367 2583 si
390 2521 455 2602 quis
470 2521 573 2583 uicem
596 2520 757 2584 amantibus
779 2520 899 2600 reddat,
923 2538 980 2583 nec
1002 2521 1097 2584 minus
1120 2522 1277 2584 redamare

189 2655 223 2699 se
252 2636 373 2717 probet,
407 2653 492 2716 quam
522 2635 586 2716 ipse
617 2640 729 2697 amatur
759 2633 849 2715 idque
880 2634 1023 2698 amicitiae
1053 2634 1148 2697 fidelis
1179 2616 1290 2718 ριιθιιι

190 2749 341 2830 exemplis.
388 2746 463 2823 Quid
486 2748 564 2809 enim
586 2752 643 2808 tam
664 2746 820 2829 populare,
841 2765 930 2829 quam
950 2749 1071 2831 gratia?
1117 2748 1195 2823 Quid
1219 2757 1276 2814 tam

189 2863 305 2926 insitum
327 2869 466 2941 naturae,
493 2880 579 2942 quam
602 2867 634 2924 ut
656 2861 824 2945 diligentem
846 2862 978 2945 diligas?
1023 2864 1100 2938 Quid
1122 2871 1181 2927 tam
1204 2866 1274 2930 ino·

189 2976 270 3040 litum
294 2985 381 3058 atque
404 2978 569 3058 inpressum
592 2975 744 3040 affectibus
766 2976 910 3056 humanis,
934 2997 1020 3060 quam
1041 2984 1073 3042 ut
1094 2997 1163 3042 eum
1178 2998 1277 3043 amare

190 3090 312 3153 inducas
340 3092 369 3152 in
399 3091 542 3169 animum,
573 3109 589 3152 a
619 3109 677 3172 quo
707 3097 738 3154 te
766 3094 858 3154 amari
880 3092 981 3156 velis?
1025 3093 1131 3158 Merito
1158 3095 1276 3177 sapiens

191 3205 276 3267 dicit:
293 3202 325 3290 ⁵)
358 3205 454 3267 Perde
481 3207 646 3284 pecaniam
673 3215 803 3287 propter
830 3206 962 3286 fratrem
993 3216 1023 3269 et
1051 3209 1191 3272 amicam.
1242 3207 1278 3272 Et

191 3319 273 3382 alibi:
290 3314 322 3402 ⁶)
355 3319 494 3385 Amicam
523 3323 663 3385 salutare
693 3343 757 3387 aaa
785 3323 965 3385 erubescam
995 3333 1025 3386 et
1045 3344 1065 3387 a
1084 3327 1170 3406 faeie
1192 3325 1277 3390 tutus

192 3454 255 3498 aaa
277 3455 323 3496 me
346 3435 540 3500 abscondam.
582 3436 731 3520 Siquidem
753 3439 832 3500 vitae
855 3445 885 3499 et
906 3438 1119 3502 inmortalitatis
1143 3439 1277 3504 mediea-

192 3556 320 3612 mentum
348 3551 378 3611 in
407 3553 501 3615 amico
534 3571 602 3615 esse
632 3552 851 3616 ecclesiasticus
886 3570 984 3616 sermo
1019 3558 1159 3616 testatur:
1184 3548 1216 3637 ⁷)
1249 3560 1278 3616 et

192 3680 334 3726 summum
362 3664 391 3726 in
419 3666 538 3728 caritate
567 3666 744 3746 praesidium
773 3685 860 3730 nemo
885 3667 1077 3747 dubitaverit,
1109 3686 1177 3730 eum
1199 3684 1276 3749 apo-

193 3840 398 3850 -———-.—..

265 3957 293 4026 1)
311 3958 334 4009 2.
348 3957 411 4028 Rag.
430 3959 455 4024 5,
476 3959 488 4009 1
507 3974 581 4028 sem·
606 3961 634 4026 2)
652 3960 742 4014 Psalm.
760 3961 803 4027 88,
822 3962 865 4015 21.
910 3961 938 4028 3)
957 3917 1057 4032 alleg.
1077 3959 1119 4028 11,
1140 3959 1174 4013 12
1193 3958 1278 4019 et13.

192 4045 221 4186 ἓ)
240 4044 339 4181 ῗὲΒες.
358 4045 401 4112 20,
421 4045 455 4098 30
472 4063 524 4120 seq.
578 4047 765 4116 mameae,
787 4047 826 4103 13.
879 4047 908 4114 6)
925 4047 988 4104 Ibid.
1006 4049 1050 4117 22,
1068 4047 1110 4101 at.
1166 4046 1277 4118 ⁷)1tia.

211 4169 220 4203 2
273 4167 280 4188 2
