2692 4666
170 306 232 370 196
621 304 646 357 s.
665 303 819 357 auaaosu

256 463 306 531 61.
351 465 456 530 Parum
489 473 536 530 est
574 465 654 548 mund
685 465 834 548 pepercit;
864 464 975 529 addidit
1007 466 1086 548 quod
1116 469 1204 531 ctiam
1234 471 1265 532 in

172 578 251 643 bello
276 578 371 643 doluit
396 577 527 643 occisum
546 583 576 640 et
594 577 732 642 flebiliter
755 576 919 658 deploravit
941 576 1061 640 dicens:
1081 575 1109 663 ¹)
1132 579 1265 658 Montes,

67 676 70 689 ⁵
169 694 223 776 qui
246 695 323 757 ectio
343 695 378 756 in
403 693 535 772 Gelbee,
570 711 668 772 neque
689 712 763 770 roc,
795 711 894 773 neque
918 693 1029 771 plocio
1051 692 1149 755 cadat
1170 713 1267 773 super

168 828 246 881 aoc;
271 817 389 871 montes
411 807 538 885 mortis,
569 807 718 887 quoniam
740 807 785 869 ibi
806 807 934 869 saltata
957 816 1004 869 eat
1022 807 1177 886 protectio
1198 827 1265 888 po-

169 923 311 998 tentiane,
332 920 487 999 protectio
509 919 596 982 Saul.
641 919 710 981 Non
733 928 780 980 eal
802 928 913 981 erectas
931 920 965 980 la
981 921 1049 982 oleo
1065 929 1095 982 el
1108 921 1266 1000 canoniae

168 1037 402 1099 vulneratorum
424 1044 515 1109 elea
534 1035 628 1112 adipe
659 1033 914 1114 belliperantinm.
959 1034 1082 1114 Sopitta
1112 1034 1266 1097 lonellae

169 1167 233 1211 non
257 1154 304 1210 eat
322 1166 450 1210 reuersa
472 1153 557 1207 retro
580 1153 611 1206 et
630 1145 757 1226 pladias
780 1145 859 1208 Saul
880 1165 942 1208 non
966 1155 1013 1275 zat
1033 1166 1182 1210 reuersae
1204 1167 1265 1211 aa·

170 1279 254 1326 caua.
299 1260 379 1324 Saul
400 1267 431 1322 et
445 1258 601 1322 lonellan
623 1259 760 1338 speciosi
782 1267 814 1320 ct
834 1261 1008 1338 carissime,
1032 1262 1265 1340 inseparabiles

168 1379 202 1440 in
223 1378 291 1438 oito
312 1394 390 1452 aaa,
420 1381 450 1434 el
470 1374 505 1434 ia
528 1380 624 1435 morte
646 1392 710 1435 non
732 1383 806 1436 cunt
825 1376 973 1454 separati.
1017 1374 1116 1455 Super
1139 1378 1264 1457 aquilos

169 1491 321 1565 leuiores,
356 1506 449 1569 saper
484 1489 588 1552 leones
619 1489 820 1568 potentiores.
875 1490 975 1552 Filiae
1008 1489 1113 1552 lsrael
1139 1493 1265 1570 plorate

168 1622 265 1684 saper
286 1602 380 1680 Saul,
415 1603 467 1683 qui
489 1602 640 1665 ocaliedat
658 1621 716 1665 eoa
736 1603 919 1665 vestimenta
947 1604 1096 1666 coccinea
1119 1625 1188 1668 cam
1210 1625 1264 1669 or-

169 1723 311 1780 namento
333 1723 436 1779 oestro
446 1763 455 1793 ,
490 1717 545 1796 qai
566 1715 734 1796 deponebat
755 1736 866 1779 aarum
887 1736 982 1797 super
1003 1717 1188 1781 vestimenta
1209 1738 1263 1781 ce-

168 1835 245 1892 stra.
292 1825 451 1902 Quomodo
482 1828 662 1890 ceciderant
687 1835 829 1906 potentes
852 1828 886 1889 in
908 1830 1012 1891 media
1032 1834 1167 1910 pupae?
1209 1833 1262 1896 lo-

168 1943 286 2005 natleaa
308 1941 342 2002 in
364 1947 462 2003 morte
493 1940 675 2002 vulneratus
697 1947 751 2002 cst.
795 1940 897 2004 Doleo
921 1942 955 2002 in
978 1949 1023 2019 te,
1053 1945 1159 2023 frater
1179 1965 1263 2008 meua

169 2055 340 2132 lonellan,
372 2053 534 2133 speciosas
567 2054 642 2114 milei
670 2053 772 2116 calda.
819 2053 984 2117 Ceciderat
1013 2075 1101 2118 anaor
1130 2065 1201 2120 tuuc
1229 2059 1263 2119 ia

169 2187 233 2245 nee,
257 2169 339 2229 sicut
360 2186 448 2230 arnor
467 2166 638 2228 molieram.
686 2165 847 2239 Quomodo
871 2167 1049 2229 ceciderant
1066 2176 1211 2246 potentes
1233 2177 1264 2231 el

166 2281 331 2360 perierunt
351 2298 439 2342 arma
462 2279 736 2358 concupiscendo?

256 2389 309 2457 62.
352 2393 438 2467 Quae
460 2399 556 2454 mater
577 2393 695 2455 unicum
718 2391 761 2454 sic
784 2392 909 2456 dcllcret
930 2392 1038 2472 filium,
1069 2395 1266 2475 quernadmo-

171 2507 239 2571 dum
254 2508 301 2570 hic
317 2506 438 2571 deflevit
459 2507 631 2570 inimicum?
674 2506 745 2581 Quis
769 2509 882 2589 gratiae
905 2515 1057 2571 auctorem
1079 2509 1167 2570 tantis
1189 2527 1265 2591 pro-

170 2628 348 2704 sequeretur
377 2621 529 2699 laudibus‚
562 2619 677 2701 quantis
707 2619 764 2681 iste
793 2625 971 2700 prosecutus
996 2626 1042 2682 est
1063 2619 1267 2683 insidiatorem

170 2736 273 2819 capitis
313 2735 387 2799 sui?
443 2735 536 2809 Quam
572 2736 621 2817 pie
658 2733 770 2813 doluit,
815 2739 924 2814 quanto
961 2733 1103 2815 ingemuit
1140 2732 1265 2797 affectui
1335 2715 1338 2731 ¹

169 2848 322 2913 Aruerunt
351 2856 467 2912 montes
498 2847 672 2930 prophetico
704 2845 859 2909 maledicto
883 2852 914 2908 et
936 2845 1034 2908 divina
1063 2846 1110 2908 vis
1137 2852 1266 2910 sentcn-

170 2962 239 3023 tiam
260 2960 462 3024 maledicentis
485 2960 613 3040 inplevit.
658 2960 760 3041 ltaque
779 2977 835 3041 pro
858 2960 962 3042 regiae
984 2959 1068 3022 necis
1091 2960 1264 3040 spectaculo

169 3092 296 3157 poenam
319 3074 464 3137 elementa
486 3073 650 3136 solveruut.

257 3186 307 3252 63.
352 3187 428 3263 Quid
458 3206 534 3250 uero
566 3187 602 3250 de
632 3193 736 3250 sancto
768 3187 928 3250 Nabutha?
973 3186 1056 3261 Quae
1089 3185 1145 3249 iuit
1174 3205 1264 3249 causa

170 3303 291 3382 mortis,
314 3301 371 3364 nisi
394 3300 556 3364 honestatis
580 3299 811 3382 contemplatio?
854 3299 927 3361 Nam
948 3318 1014 3362 cum
1030 3302 1065 3362 ab
1087 3316 1125 3362 ea
1148 3299 1264 3362 vincam

170 3435 228 3480 rex
250 3423 400 3499 posceret,
423 3415 578 3496 pecuniam
600 3413 735 3477 daturum
758 3431 793 3475 se
815 3414 970 3495 pollicens,
993 3413 1166 3476 indecorum
1189 3432 1263 3495 pre-

170 3531 240 3593 tium
256 3548 311 3611 pro
327 3536 450 3609 paterna
470 3529 619 3591 recusavit
640 3527 804 3590 hereditate
826 3527 987 3607 maluitque
1003 3533 1098 3589 morte
1114 3525 1264 3589 declinare

170 3639 336 3704 huiusmodi
360 3639 577 3721 turpitudinem.
622 3639 694 3701 Non
714 3640 809 3716 nili,
833 3639 944 3719 inquit,
964 3637 996 3723 ²)
1017 3641 1075 3720 fiat
1089 3659 1110 3701 a
1126 3640 1263 3717 domino,

170 3764 206 3817 ut
227 3755 294 3816 dem
326 3754 382 3815 tibi
405 3754 605 3817 hereditatem
629 3762 755 3833 potrum
784 3774 938 3826 ancorum·
968 3753 1025 3816 hoc
1057 3760 1119 3833 est,
1153 3760 1265 3817 tantum

171 3868 241 3931 mihi
262 3869 454 3951 opprobrium
477 3886 536 3930 non
558 3869 624 3948 fiat,
656 3888 718 3932 non
738 3869 886 3951 permittat
910 3869 984 3932 deus
1014 3874 1127 3930 tantum
1157 3874 1272 3930 exter-⁴

242 4118 269 4183 1)
289 4120 313 4171 a.
333 4119 396 4189 mg.
417 4120 441 4184 1,
460 4119 489 4171 21
511 4135 581 4188 seqq.
653 4119 681 4184 2)
701 4119 725 4172 3.
744 4119 806 4187 aeg.
828 4088 870 4184 20,
890 4117 915 4171 a.
