2692 4666
312 384 356 436 DE
379 382 515 437 ottrtctts
534 381 756 435 bllll'lSTllOllUll
777 382 873 434 LIBER
892 382 933 433 lll.
1108 386 1171 451 203

74 552 217 628 posuerat
238 553 396 626 percutere
418 552 513 608 morte
534 553 564 608 et
578 545 706 625 perdere
728 546 870 627 populum
878 567 887 622 ;
911 547 967 609 sed
989 552 1093 628 postea
1116 565 1172 608 ro-

74 665 162 741 gatus
186 678 202 720 a
225 659 349 740 Moyse,
378 659 587 721 reconciliatus
612 664 658 720 est
679 657 792 738 populo
823 677 888 720 suo.
933 659 970 722 Et
1000 659 1104 721 iterum
1135 658 1173 720 ad

74 773 202 855 Moysen
226 777 255 834 et
277 770 379 832 Aaron
403 771 460 832 ait:
480 767 510 853 ¹)
539 771 680 832 Dtvtutre
711 791 767 834 ooo
798 772 837 832 dc
866 773 966 834 medio
997 791 1173 853 synopopoc

76 888 145 946 cino
176 893 205 946 et
235 884 452 946 consummabo
488 904 542 946 eos
576 884 676 945 simol.
732 885 845 958 Quibus
879 885 1101 948 discedentibus
1136 886 1174 947 de

75 1004 182 1077 coetu,
213 997 327 1060 Datban
352 1005 380 1060 et
403 998 519 1062 Abiron
540 998 638 1061 subito
661 999 767 1081 impios
791 1005 870 1061 terra
893 1008 1054 1082 praerupto
1078 1000 1174 1063 soluta

75 1113 157 1175 hiatu
181 1111 341 1174 absorbuit.

163 1224 214 1289 80.
258 1223 488 1286 Praecellentius
512 1230 542 1286 et
564 1226 711 1305 antiquins
744 1225 821 1288 istud
854 1226 1022 1308 exemplum
1054 1226 1091 1288 de
1115 1227 1174 1290 filia

77 1339 217 1420 lephtbe,
242 1357 329 1418 quam
351 1337 439 1418 illud,
471 1338 552 1418 quod
574 1339 766 1401 memorabile
789 1340 914 1403 habetur
936 1341 1013 1422 apud
1037 1340 1175 1421 philoso-

76 1453 154 1536 pbos
186 1452 223 1516 de
250 1453 366 1516 duobus
388 1453 603 1536 Pythagoreis,
637 1471 762 1534 quorum
793 1454 887 1533 alter,
918 1473 984 1517 curn
1007 1474 1024 1516 a
1047 1462 1175 1536 tyranno
1204 1502 1209 1517 .

76 1567 224 1650 Dionysio
247 1567 350 1649 capitis
372 1566 526 1630 damnatus
551 1574 647 1645 esset,
670 1567 856 1649 praescripto
879 1568 981 1630 mortis
1004 1567 1052 1629 die
1075 1586 1176 1649 popo-

77 1681 152 1759 scit,
180 1687 212 1742 ut
242 1680 361 1744 domum
390 1679 538 1762 pergendi
561 1681 589 1742 ei
613 1681 737 1743 facultas
767 1682 904 1761 daretur,
938 1699 997 1762 quo
1021 1699 1176 1745 commen-

80 1790 165 1854 daret
194 1809 287 1870 suos,
318 1810 370 1871 ac,
404 1810 443 1853 ne
466 1792 638 1854 revertendi
661 1800 780 1856 nutaret
813 1793 905 1873 ures,
938 1793 1043 1856 vadem
1075 1795 1177 1858 mortis

80 1904 186 1986 optulit
206 1922 241 1966 ea
264 1904 451 1983 condicione,
474 1911 515 1984 ut,
539 1905 565 1968 si
587 1906 652 1986 ipse
677 1905 795 1968 deforet
816 1906 852 1967 ad
876 1905 1177 1991 constitutumdiem,

79 2033 133 2078 vas
161 2015 225 2077 eius
248 2016 304 2079 sibi
327 2035 381 2098 pro
407 2035 444 2079 eo
468 2016 653 2079 moriendum
684 2025 871 2100 agnosceret.
917 2019 981 2080 Nec
1011 2019 1178 2099 qualitatem

79 2130 252 2209 sponsionis
275 2131 327 2210 qui
351 2129 532 2192 atterebatur
561 2132 711 2193 recusavit
741 2134 948 2211 constantique
976 2132 1073 2194 animo
1101 2130 1178 2192 diem
1253 2165 1260 2174 ·

78 2244 164 2305 necis
194 2244 440 2325 praestolabatur.
484 2245 587 2326 ltaque
609 2244 685 2307 alter
707 2263 824 2308 senon
847 2245 1009 2325 subtraxit,
1043 2245 1119 2306 alter
1141 2243 1177 2306 ad

80 2355 160 2417 diem
180 2357 304 2437 recepit.
350 2356 437 2431 Quod
461 2376 499 2419 eo
522 2375 618 2438 nsque
642 2357 697 2420 fun
718 2357 868 2436 mirabile,
902 2364 934 2420 ut
956 2365 1101 2440 tyrannus
1124 2374 1178 2420 eos

81 2470 139 2532 sibi
161 2470 191 2531 in
214 2471 369 2532 amicitiam
392 2470 596 2550 adscisceret,
620 2489 746 2552 qnorum
768 2471 915 2552 urguebat
936 2470 1110 2550 periculum.

171 2580 223 2646 81.
269 2584 356 2660 Quod
386 2602 461 2669 ergo
494 2585 524 2645 in
558 2584 698 2664 spectatis
732 2589 762 2646 et
795 2582 918 2645 eruditis
952 2583 1024 2645 viris
1057 2581 1179 2662 plenum

82 2695 216 2758 miraculi
246 2703 310 2776 est,
342 2697 402 2759 hoc
433 2698 462 2758 in
489 2697 607 2779 virgine
636 2696 727 2759 multo
758 2695 994 2778 magnificentius
1027 2695 1180 2774 multoque

82 2810 237 2872 inlustrius
260 2806 507 2889 deprehenditur,
541 2826 618 2888 quae
643 2808 858 2890 ingemescenti
880 2808 955 2888 patri
979 2808 1033 2869 ait:
1050 2801 1083 2889 ²)
1114 2806 1181 2869 Fac

81 2923 158 2986 mitt
191 2931 225 2984 ut
253 2924 352 2986 coibit
380 2922 417 2983 dc
449 2941 503 2983 oro
535 2929 598 2984 too.
645 2920 703 2986 Sed
734 2921 859 3002 spatium
888 2919 1014 2983 duorum
1042 2922 1181 3003 poposcit

81 3037 246 3117 mensium,
276 3044 308 3099 ut
331 3055 399 3099 curn
429 3037 603 3118 aequalibus
633 3043 813 3099 conventum
844 3042 949 3119 ageret
970 3037 1000 3098 in
1022 3039 1180 3116 montibus,

82 3169 161 3232 quae
188 3150 389 3234 virginitatem
421 3153 485 3213 eius
513 3149 764 3232 praedestinatam
794 3150 860 3212 neci
887 3151 936 3232 pio
967 3149 1073 3211 affectu
1103 3167 1179 3231 pro-

82 3262 291 3344 sequerentur.
335 3266 399 3328 Nec
421 3266 507 3329 lletus
538 3265 703 3347 aequalium
726 3267 819 3328 movit
841 3265 984 3347 puellam,
1014 3283 1071 3327 nec
1093 3263 1181 3326 dolor

83 3377 185 3458 tlexit,
209 3396 267 3440 nec
290 3381 417 3460 gemitus
441 3379 616 3460 retardavit,
640 3397 697 3441 neo
720 3379 783 3441 dies
805 3379 974 3459 praeteriit,
996 3397 1053 3440 nec
1075 3376 1181 3439 fefellit

83 3491 168 3554 hora.
213 3490 310 3554 Rediit
332 3493 369 3557 ad
391 3502 523 3575 patrem,
555 3495 640 3576 quasi
664 3493 699 3556 ad
723 3499 823 3556 votnm
855 3492 986 3572 rediret,
1018 3498 1048 3554 et
1070 3491 1179 3554 volun-

84 3611 145 3667 tate
179 3607 299 3688 propria
333 3615 519 3674 cunctantem
549 3610 654 3691 inpulit
682 3607 812 3688 lecitque
841 3606 981 3668 arbitratu
1013 3579 1179 3686 spontaneb

85 3724 117 3780 ut
140 3718 220 3799 quod
243 3727 307 3783 erat
330 3722 485 3806 impietatis
509 3724 659 3788 fortuitum
682 3724 767 3785 beret
789 3721 905 3802 pietatis
928 3719 1113 3784 sacrificinm.

92 3869 293 3881 -ι---.

157 3968 185 4034 1)
204 3968 276 4023 Num.
296 3966 339 4032 16,
358 3967 400 4020 21.
471 3967 499 4034 2)
520 3966 598 4019 ludio.
618 3966 661 4032 11,
686 3966 719 4017 36
737 3982 792 4034 seq.
