2692 4666
261 362 264 367 .
292 386 296 393 ί
321 314 521 372 ascaricus
542 313 916 372 unusrnonuututeat.
1128 321 1171 386 89

70 477 224 542 scandant.
271 475 344 541 (ium
371 477 461 561 igitur
483 478 599 542 sederis
622 477 659 541 ad
684 477 763 539 illam
785 496 917 541 mensam
939 479 1089 561 potentis,
1121 479 1171 541 in·

71 592 183 675 tellege
206 593 273 672 quis
297 593 334 653 sit
357 590 414 653 iste
436 598 552 672 potens,
577 599 607 654 et
628 592 659 654 in
681 591 819 672 paradiso
837 592 1041 656 delectationis
1057 594 1173 673 positus

71 711 161 785 atque
183 705 212 765 in
235 704 374 766 convivio
398 705 563 785 sapientiae
583 705 699 767 locatus
717 705 875 768 considera
892 725 969 787 quae
985 704 1173 787 adponuntur

72 818 133 880 tibi.
179 816 330 898 Scriptura
361 816 459 879 divina
490 818 659 880 convivium
689 819 851 898 sapientiae
880 824 941 898 est,
973 819 1083 901 singuli
1106 818 1174 880 libri

72 930 192 1012 singula
213 938 282 992 sunt
305 929 427 993 fercula.
468 931 615 1015 Intellege
637 932 720 1012 prius
742 950 820 1012 quae
843 933 971 995 habeant
994 930 1174 994 ferculorum

73 1044 166 1124 dapes
189 1051 220 1106 et
241 1051 311 1106 tunc
333 1045 415 1106 mitte
439 1062 567 1123 manum,
592 1050 623 1107 ut
648 1064 693 1122 ea,
716 1024 793 1125 quae
813 1045 890 1128 legis
907 1045 955 1107 vel
972 1063 1048 1124 quae
1064 1045 1173 1126 accipis

71 1176 89 1220 a
120 1157 241 1220 domino
273 1156 330 1221 deo
362 1165 432 1237 tuo,
466 1160 607 1240 operibus
639 1160 815 1239 exsequaris
849 1165 878 1220 et
908 1158 1054 1221 conlatam
1083 1158 1112 1218 in
1145 1165 1174 1220 te
1240 1144 1244 1150 ⁴

71 1271 197 1354 gratiam
220 1269 326 1333 officiis
349 1277 577 1352 repraesentes,
610 1279 641 1333 ut
663 1273 767 1334 Petrus
792 1279 821 1334 et
843 1272 970 1351 Paulus,
1003 1271 1055 1352 qui
1078 1289 1174 1333 evan-

71 1381 232 1465 gelizando
263 1382 359 1444 vicem
392 1382 536 1462 quandam
567 1383 701 1466 largitori
733 1385 865 1446 muneris
897 1383 1108 1462 reddiderunt,
1142 1391 1176 1446 ut

72 1502 199 1578 possent
226 1494 338 1577 singuli
366 1494 484 1558 dicere:
504 1493 534 1580 ¹)
569 1496 679 1559 Gratia
702 1505 803 1559 actem
825 1498 874 1558 dei
897 1516 966 1558 sam
989 1498 1074 1577 quod
1096 1516 1174 1574 scm,

72 1616 103 1669 ct
122 1609 231 1688 gratia
251 1609 319 1669 elus
342 1628 439 1688 epona
461 1611 494 1670 io
517 1629 562 1670 me
586 1629 648 1671 non
668 1609 750 1687 seim·
782 1610 839 1672 aed
868 1610 1080 1672 abundantius
1111 1610 1176 1672 tttts

72 1720 216 1784 omnibus
241 1720 392 1783 laborovi.

166 1831 236 1898 166.
274 1834 360 1897 Alius
381 1853 458 1918 ergo
478 1834 605 1896 fructum
622 1836 736 1914 accepti
752 1834 899 1912 beneficii,
923 1840 955 1897 ut
970 1837 1175 1914 aurum'auro,

73 1953 230 2031 argentum
253 1952 378 2029 argento
401 1946 556 2029 rependit;
579 1947 653 2009 alius
678 1947 823 2026 laborem,
846 1948 931 2026 alius,
953 1947 1032 2010 haud
1050 1949 1114 2010 scio
1138 1967 1177 2011 an

74 2062 162 2122 etiam
185 2059 372 2140 locupletius,
396 2059 494 2121 solum
516 2059 644 2121 restituit
666 2057 812 2121 allectum.
859 2059 937 2132 Quid
960 2062 1047 2138 enim,
1072 2063 1098 2123 si
1122 2080 1177 2124 re-

75 2172 203 2236 ferendo
225 2173 304 2236 nulla
331 2171 454 2234 facultas
485 2172 638 2252 suppetit?
682 2172 714 2233 ln
744 2172 892 2235 benelloio
920 2172 1076 2236 reddendo
1111 2174 1177 2254 plus

74 2288 208 2367 animus,
238 2305 324 2367 quam
347 2303 457 2349 census
482 2292 642 2365 operatur,
665 2287 821 2368 magisque
844 2285 1064 2368 praeponderat
1087 2288 1176 2351 beni-

75 2401 223 2480 volentia,
255 2419 341 2480 quam
363 2399 545 2479 possibilitas
568 2398 721 2461 referendi
744 2401 892 2475 muneris3
927 2400 1023 2480 gratia
1045 2401 1123 2463 enim
1148 2402 1178 2464 in

75 2533 114 2577 co
136 2516 221 2596 ipso,
251 2511 332 2594 quod
359 2513 500 2590 babetur,
533 2512 672 2573 refertur.
718 2513 826 2594 Magna
850 2513 940 2594 igitur
962 2513 1177 2593 benivolentia,

75 2647 170 2710 quae,
193 2628 280 2689 etiam
304 2628 330 2688 si
353 2627 423 2688 nihil
447 2627 600 2706 conferat,
623 2628 690 2707 plus
714 2627 852 2705 exhibet,
887 2634 1003 2689 etcum
1029 2627 1057 2688 in
1080 2627 1177 2709 patri-

74 2743 177 2807 monio
200 2741 273 2803 nilril
295 2741 412 2820 habeat,
434 2741 560 2824 largitur
583 2742 734 2822 pluribus3
757 2741 847 2825 idque
870 2741 940 2804 facit
963 2741 1030 2804 sine
1053 2740 1112 2804 ullo
1130 2741 1178 2803 sui

75 2854 233 2937 dispendio
267 2859 297 2915 et
329 2854 415 2915 lucro
450 2853 588 2937 omnium.
640 2852 677 2914 Et
712 2851 782 2914 ideo
813 2859 945 2934 praestat
975 2853 1178 2918 benivolentia

75 2988 166 3052 supra
199 2970 291 3050 ipsam
324 2965 538 3029 liberalitatem.
584 2966 680 3026 Ditior
713 2965 788 3027 haec
821 2966 970 3044 moribus,
1006 2985 1093 3046 quam
1127 2968 1177 3033 illa
1284 3009 1287 3015 -

74 3081 248 3146 muneribus
255 3101 265 3157 ;
288 3081 389 3161 plures
412 3080 490 3142 enim
513 3087 582 3142 sunt
605 3080 655 3160 qui
678 3079 812 3162 indigent
834 3081 993 3160 beneficio,
1018 3099 1104 3161 quam
1128 3082 1178 3161 qui

74 3195 234 3260 abundant.

166 3305 236 3374 167.
274 3309 327 3371 Est
349 3316 447 3372 autem
469 3309 671 3372 benivolentia
693 3309 854 3372 coniuncta
877 3307 1054 3386 liberalitati,
1079 3327 1096 3370 a
1120 3327 1178 3388 qua

74 3426 140 3505 ipsa
163 3424 324 3486 liberalitas
347 3424 563 3506 proficiscitur,
595 3442 662 3484 cum
693 3423 840 3504 largitatis
871 3421 1008 3484 allectum
1042 3421 1178 3503 sequitur

73 3534 222 3620 largiendi
252 3554 342 3617 usus,
373 3546 403 3601 et
432 3545 569 3620 separata
598 3544 688 3617 atque
718 3535 855 3599 discreta.
901 3535 955 3597 Ubi
984 3535 1061 3597 enim
1093 3533 1178 3597 deest

74 3649 254 3728 liberalitas,
292 3651 493 3713 benivolentia
528 3658 644 3729 manet,
682 3651 847 3712 communis
884 3646 1030 3730 quaedam
1068 3664 1177 3729 parens

75 3763 217 3840 omnium,
240 3782 317 3844 quae
340 3765 495 3827 amicitiam
518 3766 648 3827 conectit
671 3771 702 3826 et
725 3763 852 3845 copulat,
875 3763 905 3825 in
922 3760 1053 3824 consiliis
1069 3758 1176 3838 fidelis,

75 3876 106 3937 in
128 3875 283 3956 prosperis
305 3875 400 3954 laeta,
433 3876 463 3937 in
485 3877 616 3938 tristibus
639 3881 767 3953 maesta,
798 3879 831 3937 ut
852 3874 1059 3956 unusquisque
1086 3873 1176 3936 beni-

148 4114 176 4183 1)
198 4113 220 4168 1.
239 4112 297 4169 Gor.
317 4113 360 4187 15,
379 4112 420 4168 10.
