2692 4666
326 337 372 392 DE
391 335 528 395 oramus
547 338 771 394 llllllS'lllOlthl
787 338 884 395 LIBER
901 339 920 395 1
1124 341 1166 408 47

72 507 155 584 gret,
178 501 209 564 in
232 501 425 566 amaritudine
446 503 561 566 animae
584 522 658 567 suae
679 504 768 565 vitam
792 504 885 586 exigit
901 510 930 566 et
945 503 1075 567 ultimum
1091 502 1168 565 diem

73 615 201 697 claudit,
231 616 303 680 nihil
327 635 429 681 secum
452 635 574 698 eorum,
607 637 683 700 quae
716 618 851 699 epulatus
881 617 988 699 fuerit,
1022 619 1093 682 boni
1113 636 1168 682 re·

74 729 198 812 ferens,
221 733 294 796 nihil
317 751 418 796 secum
442 733 602 813 auferens,
625 734 681 796 nisi
704 734 798 814 pretia
823 735 970 797 scelerum
994 752 1124 797 suorum.

160 844 211 912 45.
255 848 338 911 llaec
367 851 502 932 cogitans
533 868 629 933 nega,
663 850 689 913 si
718 855 824 931 potes,
860 849 950 913 divini
974 867 1044 914 esse
1071 850 1169 913 iudicii

72 963 353 1026 remunerationem.
398 964 449 1027 llle
474 982 530 1028 suo
555 964 662 1027 affectu
684 964 805 1042 beatus,
831 964 879 1025 hic
901 964 1007 1041 miser;
1043 964 1091 1027 ille
1114 981 1169 1026 suo

71 1077 185 1141 iudicio
206 1077 378 1156 absolutus,
401 1077 449 1139 hic
471 1094 561 1154 reus;
590 1077 640 1140 ille
662 1078 693 1139 in
715 1079 796 1141 exitu
818 1077 929 1156 laetus,
952 1077 1000 1139 hio
1022 1094 1170 1140 maerens.

74 1190 131 1255 Gui
162 1191 278 1255 absolvi
310 1197 427 1273 potest,
463 1193 512 1272 qui
535 1210 592 1254 nec
616 1192 671 1254 sibi
694 1192 839 1255 innocens
863 1191 933 1254 est?
977 1191 1087 1270 Dicite,
1120 1191 1169 1252 in·

73 1307 156 1388 quit,
178 1302 206 1389 ¹)
229 1305 313 1384 mihi,
337 1305 387 1367 ubi
403 1312 449 1368 est
464 1307 610 1386 protectio
633 1305 892 1369 tabernaculorum
916 1306 1003 1369 eius?
1048 1304 1170 1388 Signum

75 1421 140 1484 eius
171 1438 232 1483 non
261 1421 437 1483 invenietur.
490 1421 554 1482 Vita
588 1422 696 1483 etenim
729 1421 907 1498 facinorosi,
949 1427 981 1482 ut
1014 1421 1170 1483 somnium.

53 1534 201 1617 =Aperuit
224 1534 339 1616 oculos,
365 1534 500 1597 transivit
522 1535 643 1614 requies
667 1536 741 1614 eius,
769 1538 888 1600 evannit
911 1534 1078 1614 delectatio,
1101 1535 1171 1597 licet

74 1647 140 1728 ipsa
163 1665 240 1728 quac
271 1645 407 1724 videtur,
441 1648 528 1708 etiam
558 1647 625 1709 dum
656 1648 774 1726 vivunt,
805 1648 960 1729 impiorum
989 1650 1109 1731 requies
1141 1649 1172 1711 iu

73 1759 193 1833 ipfemo
215 1761 270 1838 sit;
293 1760 429 1823 viventes
452 1764 529 1825 enim
553 1763 581 1824 in
606 1762 720 1824 inferna
744 1762 936 1826 descendunt.

165 1871 216 1938 46.
262 1873 353 1937 Vides
376 1876 545 1939 convivium
567 1877 752 1956 peccatoris,
783 1877 935 1961 interroga
959 1879 1172 1941 conscientiam

76 1993 151 2055 eius.
188 1991 296 2054 Nonne
316 1993 438 2073 gravius
455 1993 590 2055 omnibus
614 1990 708 2056 foetet
729 1992 920 2073 sepulchris?
957 1992 1082 2056 Intueris
1105 1993 1172 2055 lae-

78 2107 170 2169 titiam
204 2105 269 2168 eius
306 2111 336 2167 et
368 2104 569 2167 salubritatem
602 2105 718 2166 miraris
752 2106 888 2186 corporis
922 2104 1047 2167 liliorum
1084 2110 1172 2186 atque

78 2237 169 2301 opum
201 2218 426 2294 abundantiam3
456 2219 618 2299 introspice
651 2217 755 2310 ulcera
774 2224 805 2280 et
827 2218 938 2281 vibices
970 2219 1085 2282 animae
1107 2221 1172 2282 eius

78 2340 110 2396 et
131 2332 231 2396 cordis
264 2331 506 2394 maestitudinem.
551 2330 624 2392 Nam
656 2331 693 2392 de
717 2331 822 2412 opibus
853 2331 921 2412 quid
952 2332 1077 2413 loquar,
1108 2352 1173 2396 cum

76 2447 207 2530 legeris:
222 2442 255 2530 ²)
282 2446 364 2521 Ouio
385 2464 448 2507 non
465 2446 498 2505 in
515 2444 710 2508 abundantio
732 2453 777 2508 est
797 2446 864 2507 cito
887 2447 972 2522 eiua,
996 2465 1062 2508 cum
1085 2447 1173 2526 scias,

78 2563 158 2642 quia,
182 2561 237 2623 etsi
258 2559 309 2623 tibi
333 2559 467 2623 videatur
490 2558 584 2636 dives,
608 2560 664 2622 sihi
685 2578 799 2640 pauper
815 2567 862 2622 est
883 2568 913 2623 et
930 2566 1010 2622 tuum
1035 2559 1174 2622 iudicium

78 2692 136 2738 suo
158 2671 300 2737 refellat?
345 2673 389 2734 De
413 2670 595 2735 multitudine
619 2690 739 2753 quoque
761 2672 886 2735 filiorum
908 2679 938 2735 ct
953 2672 990 2735 de
1013 2672 1174 2736 indolentia

78 2787 151 2871 quid
173 2787 296 2869 loquar,
329 2805 394 2848 cum
419 2802 454 2847 se
476 2784 541 2865 ipse
563 2784 663 2865 lugeat
686 2790 717 2846 et
742 2783 807 2846 sine
829 2783 943 2846 herede
970 2782 1101 2848 futurum
1124 2786 1174 2848 iu-

80 2899 175 2980 dicet,
198 2917 266 2962 cum
287 2897 449 2960 imitatores
472 2896 518 2959 sui
541 2912 734 2958 successores
756 2913 828 2958 suos
852 2913 920 2958 esse
943 2897 1044 2960 nolit?
1088 2899 1175 2963 Nulla

80 3015 158 3077 enim
189 3012 339 3077 hereditas
364 3009 539 3092 peccatoris.
584 3007 666 3092 Ergo
690 3008 796 3089 impius
819 3009 884 3090 ipse
906 3010 963 3072 sibi
990 3028 1088 3092 poena
1119 3020 1175 3092 est,

78 3127 174 3191 iustus
197 3132 294 3189 autem
316 3126 381 3207 ipse
403 3123 459 3185 sibi
480 3123 591 3207 gratia,
616 3129 646 3185 et
668 3125 786 3203 utrique
802 3130 852 3187 aut
866 3124 1013 3187 bonorum
1035 3131 1085 3187 aut
1107 3145 1175 3189 ma-

78 3240 176 3304 lorum
200 3258 323 3321 operum
346 3253 462 3300 merces
486 3256 525 3300 ex
547 3255 582 3300 se
606 3239 672 3319 ipso
696 3237 828 3301 solvitur.

477 3419 648 3569 cua-*uu
682 3419 774 3485 1111.
837 3380 889 3513 ᾖ.

79 3585 240 3641 Relolluutur
265 3583 472 3655 philosophorum
499 3587 650 3653 opiniones,
678 3587 719 3654 qui
738 3586 787 3638 deo
805 3584 848 3638 vel
865 3584 951 3636 mundi
969 3585 1045 3639 totius
1062 3586 1105 3640 vel
1124 3587 1174 3640 ali·

328 3676 400 3728 cuius
419 3691 450 3727 ex
469 3676 523 3727 eius
541 3674 652 3743 partibus
676 3689 762 3725 curam
781 3672 931 3726 abiudloant

168 3818 220 3885 47.
265 3818 324 3886 Sed
346 3826 531 3884 revertamur
561 3817 597 3882 ad
627 3819 827 3900 propositum,
859 3835 909 3889 ne¹
928 3816 1103 3881 divisionem
1125 3819 1174 3883 fa-

80 3942 160 4001 ctam
181 3933 362 4018 praeterisse
384 3933 556 4013 videamur,
586 3933 655 4023 quia
683 3931 867 3995 occurrimus
897 3932 1029 4014 opinioni
1060 3952 1174 4015 eorum,

82 4083 287 4101 '‘u-

157 4174 186 4243 1)
203 4172 258 4230 nu.
278 4172 323 4241 ai,
340 4173 382 4228 aa
452 4172 484 4244 a)
496 4172 556 4228 111.
576 4172 619 4242 12,
637 4172 678 4226 15.
