2692 4666
172 337 234 400 166
617 330 642 383 s.
661 328 818 383 nnoaosrr

169 494 287 577 argenti
310 490 506 554 didrachmata
523 498 553 552 et
566 493 697 574 linguam
719 508 848 570 auream,
871 489 986 553 oblatus
1010 490 1130 556 domiuo
1153 511 1266 576 negare

168 624 230 671 non
252 606 365 688 potuit,
387 603 442 667 sed
464 604 592 686 prodidit
614 604 732 667 furtum.

258 714 347 782 130.·
373 717 465 780 Vetus
482 719 574 801 igitur
589 718 752 798 etantiqua
775 717 898 782 avaritia
920 724 982 799 est,
1004 737 1082 800 quae
1104 737 1172 781 eum
1194 719 1266 801 ipsis

145 834 147 838 ‘
169 831 288 894 divinae
305 830 382 914 legis
402 831 502 911 eoepit
521 828 660 908 oraculis,
683 828 772 891 immo
791 835 914 910 propter
932 829 1025 911 ipsam
1048 828 1266 911 reprimendam

167 944 220 1008 lex
253 942 350 1009 delata
383 951 438 1007 est.
463 941 491 1026 ¹)
541 944 666 1025 Propter
698 942 849 1005 avaritiam
881 942 971 1005 Baiae
1002 944 1115 1022 putavit
1147 942 1267 1006 Balaam

167 1057 307 1141 praemiis
328 1075 420 1139 posse
442 1057 595 1139 temptari,
618 1062 651 1119 ut
675 1055 865 1118 malediceret
888 1056 1028 1137 populum
1050 1061 1165 1137 patrum
1181 1051 1216 1140 ²)
1238 1061 1267 1118 et

170 1170 291 1233 vicisset
313 1169 451 1249 avaritia,
477 1169 535 1231 nisi
558 1169 693 1232 dominus
715 1186 733 1230 a
756 1166 910 1231 maledieto
934 1187 1002 1232 eum
1026 1169 1177 1231 abstinere
1201 1169 1266 1231 ius-

168 1283 265 1347 sisset
309 1282 435 1364 Propter
463 1281 614 1343 avaritiam
643 1279 852 1361 praecipitatus
875 1278 975 1342 Aehar
997 1279 1028 1340 in
1054 1280 1177 1343 exitium
1209 1280 1266 1342 de-

169 1394 295 1458 duxerat
323 1398 413 1456 totam
444 1390 562 1472 plebem
590 1397 755 1471 parentum.
798 1388 900 1470 ltaque
927 1390 1012 1454 lesus
1034 1391 1136 1472 Nave,
1151 1388 1185 1476 ³)
1216 1393 1266 1473 qui

166 1508 262 1592 potuit
284 1504 379 1569 solem
401 1510 551 1584 statuere,
574 1523 613 1566 ne
635 1503 833 1586 procederet,
857 1505 1008 1567 avaritiam
1030 1504 1187 1571 hominum
1205 1525 1264 1570 non

168 1621 265 1704 potuit
292 1620 416 1699 sistere,
446 1637 486 1681 ne
508 1624 656 1700 serperet.
700 1617 747 1680 Ad
769 1636 877 1681 vocem
900 1618 965 1680 eius
988 1618 1034 1682 sol
1056 1621 1154 1699 stetit,
1188 1639 1266 1685 ava-

167 1735 235 1799 ritia
257 1751 319 1798 non
341 1733 430 1795 stetit.
474 1731 545 1797 Sole
566 1733 666 1812 itaque
689 1739 786 1794 stante
810 1730 938 1794 confecit
959 1731 1043 1794 Iesus
1071 1732 1265 1815 triumphum3

168 1848 293 1914 avaritia
314 1853 412 1910 autem
433 1845 617 1927 procedente
639 1863 736 1927 paene
759 1845 855 1908 omisit
879 1845 1039 1908 victoriam.

258 1957 330 2024 131.
374 1960 476 2034 Quid?
520 1959 723 2023 Fortissimum
747 1960 876 2022 omnium
898 1959 1044 2042 Sampson
1077 1979 1180 2024 nonne
1201 1961 1265 2025 Da-

168 2077 237 2141 lilae
259 2075 390 2138 mulieris
412 2075 535 2138 avaritia
559 2074 702 2156 decepit?
719 2071 751 2156 ⁴)
794 2074 897 2157 ltaque
919 2073 987 2153 ille,
1018 2074 1068 2155 qui
1096 2075 1265 2157 rugientem

168 2190 287 2254 leonem
308 2189 443 2251 manibus
466 2186 622 2269 discerpsit
643 2187 721 2266 suis,
744 2188 795 2267 qui
817 2187 934 2249 vinctus
952 2192 982 2249 et
1000 2187 1177 2271 alienigenis
1198 2194 1265 2251 tra-

170 2303 248 2367 ditus
271 2303 336 2366 sine
358 2302 419 2366 uilo
442 2300 576 2365 adiutore
607 2300 690 2364 solus
723 2300 874 2364 dissolutis
908 2300 1034 2363 vinculis
1056 2299 1135 2362 mille
1157 2319 1198 2362 ex
1218 2300 1265 2363 his

169 2418 295 2501 peremit
325 2417 422 2496 viros,
454 2417 503 2497 qui
533 2415 620 2478 funes
650 2415 781 2477 intextos
809 2415 912 2477 nervis
934 2415 1017 2478 velut
1041 2414 1142 2478 mollia
1171 2415 1265 2496 sparti

169 2532 217 2595 fila
240 2531 363 2614 disrupit
369 2553 379 2609 3
401 2532 426 2594 is
449 2549 540 2612 super
561 2548 660 2613 genua
682 2529 812 2591 mulieris
835 2529 945 2591 inflexa
968 2529 1088 2592 cervice
1110 2533 1264 2590 truncatus

168 2646 269 2709 invicti
292 2646 382 2708 erinis
405 2652 550 2725 ornatum,
572 2646 811 2727 praerogativam
834 2663 906 2707 suae
922 2646 1046 2725 virtutis,
1069 2645 1173 2708 amisit
1211 2645 1264 2708 ln-

168 2755 252 2821 fluxit
276 2758 402 2839 pecunia
425 2757 455 2818 in
477 2756 623 2840 gremium
652 2757 782 2819 mulieris
806 2763 835 2819 et
857 2776 875 2820 a
897 2745 964 2820 viro
987 2758 1125 2822 discessit
1156 2760 1263 2843 gratia.

258 2866 331 2934 132.
372 2868 485 2933 Feralis
508 2869 598 2953 igitur
624 2871 764 2950 avaritia,
795 2871 984 2936 inlecebrosa
1014 2874 1156 2954 pecunia,
1186 2892 1265 2956 quae

168 2983 312 3046 habentes
343 2984 538 3063 contaminat,
567 3001 628 3046 non
659 2984 804 3049 habentes
828 3003 889 3048 non
918 2987 1006 3049 iuvat.
1050 2985 1123 3049 Esto
1154 2993 1264 3066 tamen,

167 3094 380 3177 utaliquando
402 3096 522 3160 adiuvet
543 3099 668 3179 pecunia
691 3098 881 3180 inferiorem,
916 3107 1013 3163 tamen
1036 3105 1065 3162 et
1086 3101 1183 3182 ipsum
1205 3099 1263 3164 de-

167 3211 358 3274 siderantem:
382 3210 451 3292 quid
469 3213 604 3293 adeum,
627 3215 677 3294 qui
699 3233 761 3278 non
785 3214 949 3294 desiderat,
973 3214 1103 3300 quinon
1125 3213 1263 3295 requirit,

167 3325 218 3406 qui
238 3323 349 3387 auxilio
370 3325 435 3388 eius
457 3344 518 3390 non
541 3326 671 3409 indiget,
703 3328 802 3391 studio
835 3346 895 3390 non
926 3327 1077 3392 flectitur?
1123 3326 1202 3402 Quid
1224 3327 1262 3391 ad

167 3436 252 3517 alios,
274 3438 300 3500 si
318 3437 356 3500 sit
372 3437 422 3501 ilie
440 3441 601 3522 eopiosior,
624 3442 674 3522 qui
696 3432 808 3504 habet‘?
853 3441 1001 3523 Numquid
1025 3441 1137 3505 ideireo
1160 3440 1262 3506 hone-

166 3552 257 3631 stior,
280 3552 347 3633 quia
362 3551 524 3636 habetque
540 3554 683 3619 honestas
706 3557 880 3638 plerumque
902 3556 1058 3636 amittitur,
1082 3555 1156 3637 quia·
1172 3554 1263 3619 habet

166 3665 246 3746 quod
270 3664 416 3729 custodiat
437 3669 546 3752 magis,
571 3689 658 3751 quam
677 3671 757 3751 quod
776 3671 950 3753 possideat?
994 3669 1066 3733 illud
1087 3669 1165 3733 enim
1181 3687 1262 3750 pos-

167 3777 297 3841 sidemus
320 3794 380 3858 quo
402 3778 524 3856 utimur3
555 3781 634 3861 quod
664 3789 761 3846 autem
783 3783 860 3846 nitra
881 3802 967 3846 usum
990 3791 1037 3846 est
1066 3800 1127 3847 non
1156 3782 1263 3865 utique

166 3889 255 3952 habet
277 3889 478 3972 possessionis
500 3889 645 3972 fructum,
667 3892 722 3956 sed
745 3893 899 3959 custodiae
921 3894 1093 3977 perieulum.

165 3996 372 4013 ⁶*—

167 4129 201 4186 16
230 4045 266 4182 41)
283 4044 366 4098 Exod.
387 4044 430 4112 20,
450 4047 490 4101 17.
544 4046 574 4116 2)
594 4045 667 4101 Num.
687 4065 710 4101 c.
729 4049 771 4102 22.
825 4049 853 4117 3)
872 4047 921 4103 los.
940 4048 982 4116 10,
1003 4048 1035 4101 12
1046 4065 1101 4119 seq.
1156 4050 1185 4116 4)
1205 4049 1261 4104 Iud.

202 4167 211 4196 a
264 4147 334 4201 widi·
