2692 4666
106 344 149 408 62
229 313 234 325 '
553 340 578 393 s.
596 339 750 395 ansaosu

107 502 266 582 consortia,
289 501 339 584 qui
361 502 415 565 suh
438 503 539 585 specie
561 502 748 566 iucunditatis
766 520 913 565 venenum
927 502 1084 565 infundunt
1097 502 1195 567 bouis.

105 615 142 679 Hi
164 617 191 681 si
212 615 327 680 adsidui
348 624 416 681 sunt
432 621 467 681 et
489 618 615 682 maxime
637 617 666 690 in
689 618 837 697 convivio,
860 616 931 680 ludo
951 636 985 680 ac
1000 618 1078 698 ioco,
1101 634 1195 680 ener-

61 760 65 773 ·
106 739 175 795 vant
198 732 373 816 gravitatem
395 734 472 798 iliam
493 736 617 798 virilem.
665 733 827 797 Careamus
850 734 949 814 itaque
970 743 1026 812 ne',
1049 731 1117 795 dum
1141 751 1196 795 re-

105 846 207 911 laxare
229 849 356 911 animum
379 850 532 930 volumus,
563 850 713 914 solvamus
744 868 860 913 omnem
882 847 1080 927 harmoniam,
1112 848 1196 929 quasi

106 969 279 1026 concentum
302 965 448 1045 quendam
470 967 617 1029 honorum
641 983 780 1046 operum;
804 980 876 1027 usus
900 963 977 1026 enim
999 962 1058 1025 cito
1075 960 1197 1024 inflectit

105 1083 247 1140 naturam.

192 1188 243 1255 86.
289 1189 372 1252 Unde
409 1190 572 1272 prudenter
607 1191 690 1254 iactis
728 1191 890 1255 convenire
920 1190 1128 1255 ecclesiasticis
1165 1194 1196 1254 et

104 1305 231 1368 maxime
264 1304 463 1366 ministrorum
498 1303 602 1366 officiis
636 1305 763 1367 arbitror
797 1304 945 1367 declinare
982 1312 1196 1368 extraneorum
1261 1321 1265 1330 ¹

105 1419 250 1497 convivia,
274 1418 321 1480 vei
343 1423 375 1480 ut
395 1419 452 1498 ipsi
474 1416 634 1499 hospitales
657 1419 721 1481 sitis
743 1419 1010 1501 peregrinantibus,
1033 1419 1083 1481 vel
1106 1426 1196 1483 ntea

74 1588 79 1597 .
104 1533 240 1595 cautione
269 1531 365 1593 nulius
395 1530 432 1592 sit
460 1530 622 1610 opprobrio
652 1531 746 1593 locus.
793 1530 935 1595 Convivia
957 1531 1066 1612 quippe
1089 1537 1196 1594 extra-

103 1660 227 1705 neorum
251 1642 461 1724 occupationes
484 1642 594 1704 haheat
626 1649 687 1706 tum
703 1643 788 1705 etiam
808 1643 945 1725 epulandi
962 1644 1092 1726 produnt
1106 1645 1194 1727 cupi-

104 1755 230 1820 ditatem.
275 1757 444 1838 subrepunt
472 1756 559 1818 etiam
607 1756 704 1819 'bulae
736 1754 910 1838 frequenter
939 1757 977 1820 de
1006 1759 1137 1823 saeculo
1158 1778 1196 1822 ac

104 1873 319 1955 voluptatibus;
357 1871 496 1935 claudere
530 1889 618 1934 aures
652 1891 712 1936 non
743 1879 846 1955 potes3
884 1872 1043 1955 prohibere
1076 1879 1196 1956 putatur

103 1988 270 2069 superbiae.
309 1987 477 2068 Subrepunt
498 1986 584 2048 etiam
606 1993 724 2068 praeter
739 1987 918 2050 voluntatem
933 1988 1049 2069 pocula.
1087 1987 1195 2051 Melius

103 2106 150 2163 est
170 2107 237 2164 tuae
260 2100 359 2164 domui
382 2101 475 2164 semel
497 2119 636 2181 excuses,
660 2120 746 2182 quam
768 2101 882 2163 alienae
906 2100 1088 2183 frequenter,
1112 2106 1141 2163 et
1163 2106 1196 2164 ut

102 2213 166 2295 ipse
197 2215 315 2278 sobrius
342 2233 465 2299 surgas,
495 2223 590 2278 tamen
621 2235 660 2278 ex
690 2216 785 2280 aliena
815 2216 972 2280 insolentia
1002 2215 1195 2280 condemnari

102 2348 163 2393 uon
187 2330 275 2394 dehet
296 2333 463 2414 praesentia
486 2340 543 2396 tua.

188 2442 239 2509 87.
284 2446 444 2509 Viduamm
466 2464 501 2508 ac
524 2447 670 2528 virginum
693 2445 814 2526 domos,
846 2447 901 2508 nisi
924 2444 1060 2508 visitandi
1086 2445 1192 2528 gratia,

101 2560 233 2624 iuniores
257 2560 339 2624 adire
361 2579 422 2624 non
445 2567 491 2623 est
514 2579 599 2642 opus,
623 2567 653 2623 et
674 2560 733 2623 hoo
756 2579 821 2624 cum
845 2559 1031 2640 senioribus,
1054 2559 1113 2622 hoc
1135 2565 1192 2639 est,

101 2693 167 2739 curn
191 2674 334 2757 episcopo
356 2676 417 2757 vel,
439 2678 465 2739 si
480 2677 601 2760 gravior
616 2683 663 2738 est
679 2693 778 2755 causa,
801 2693 868 2738 cum
882 2675 1074 2758 presbyteris.
1114 2673 1192 2748 Quid

100 2806 228 2852 necesse
259 2797 305 2852 est
333 2797 366 2851 ut
390 2789 493 2852 demus
516 2789 716 2853 saecularibus
738 2788 922 2853 obtrectandi
943 2789 1069 2852 locum?
1114 2788 1192 2862 Ouid

101 2919 176 2984 opus
199 2909 254 2981 est,
277 2910 309 2965 ut
330 2903 397 2966 illae
420 2919 539 2984 quoque
563 2903 745 2966 visitationes
768 2902 894 2964 crebrae
915 2902 1060 2983 accipiant
1081 2907 1192 2964 aucto·

99 3016 242 3080 ritatem?
286 3017 362 3090 Quid
381 3019 407 3080 si
421 3018 517 3099 abqua
532 3017 646 3080 illarum
661 3016 739 3081 forte
754 3017 893 3080 labatur?
916 3034 970 3078 cur
984 3015 1072 3078 alieni
1087 3013 1191 3098 lapsus

100 3130 208 3194 subeas
231 3130 391 3195 invidiam?
429 3133 522 3206 Quam
543 3132 650 3196 multos
673 3134 759 3195 etiam
779 3130 873 3195 fortes
888 3130 1039 3193 inlecebra
1054 3127 1190 3211 decepit!

100 3245 206 3320 Quanti
228 3263 289 3309 noa
311 3245 457 3309 dederunt
480 3247 576 3309 errori
598 3245 705 3325 locum,
727 3253 758 3308 et
780 3244 927 3307 dederunt
947 3242 1127 3324 suspicionii

187 3357 237 3424 88.
283 3359 342 3424 Cur
374 3379 434 3424 non
467 3361 515 3423 illa
547 3366 694 3443 tempora,
728 3360 835 3442 quihus
865 3359 901 3422 ah
932 3357 1059 3420 ecclesia
1088 3374 1189 3438 vacas,

100 3471 218 3536 lectioni
239 3472 410 3555 inpendas?
455 3471 514 3535 Cur
540 3491 601 3536 non
626 3471 771 3535 Christum
799 3472 930 3551 revisas,
962 3469 1109 3534 Christum
1131 3469 1189 3533 ad·

99 3587 246 3669 loquaris,
276 3586 420 3650 Christum
449 3586 576 3650 audias?
620 3586 701 3648 ilium
729 3584 932 3667 adloquimur,
963 3603 1030 3647 cum
1060 3601 1188 3663 oramuS,

99 3702 178 3766 illum
202 3701 351 3781 audimus,
381 3719 446 3764 cum
470 3701 567 3765 divina
588 3701 715 3784 legimus
737 3700 867 3763 oracula.
911 3698 989 3773 onio
1012 3699 1099 3773 nohis
1121 3715 1189 3761 eum

99 3817 201 3880 alienis
232 3816 392 3880 domibus?
442 3815 505 3878 Una
538 3823 584 3878 est
615 3813 734 3894 domus,
766 3833 842 3895 quae
874 3831 976 3877 omnes
1006 3813 1093 3896 capit.
1146 3812 1188 3876 illi

98 3933 196 4014 potius
219 3931 256 3995 ad
278 3948 334 3994 nos
358 3932 493 4009 veniam,
527 3930 577 4011 qui
606 3948 661 3993 nos
690 3928 852 4010 requirunt
898 3927 973 4002 Ouid
1004 3927 1090 3990 nohis
1120 3944 1187 3989 cum

99 4043 233 4110 fabulis?
276 4045 471 4109 ldinisterium
493 4043 631 4108 altaribus
655 4043 778 4123 Christi,
806 4061 867 4106 non
890 4043 1066 4124 obsequium
1086 4040 1187 4106 homi·

98 4161 184 4228 abus
204 4159 400 4226 deferendum
421 4159 597 4242 recepimus.
