2692 4666
171 352 215 417 48
263 335 266 340 ’
506 354 511 361 ·
620 351 646 405 s.
664 351 818 406 nunnosu

173 513 221 593 qui
252 511 387 576 videntes
417 513 581 576 sceleratos
615 532 753 595 quosque
784 514 907 593 divites,
942 515 1055 594 laetos,
1089 514 1263 594 honoratos,

171 632 326 707 potentes,
357 645 423 690 cum
453 626 588 710 plerique
622 629 766 694 iustorum
796 637 906 714 egeant
939 636 1027 711 atque
1059 630 1165 694 infirmi
1196 631 1264 712 sint,

171 746 273 822 putant
301 741 349 804 vel
380 742 452 805 nihil
483 743 569 806 deum
599 762 705 807 curare
728 744 765 805 de
788 745 891 823 nobis,
928 750 956 806 ut
979 743 1117 826 Epicurei
1145 745 1264 822 dicunt;

172 856 224 918 vel
253 857 372 920 nescire
402 865 485 920 actus
517 857 684 938 hominum,
713 864 745 920 ut
767 857 906 942 flagitiosi
927 865 1028 940 putant
1036 881 1045 937 ;
1074 861 1138 938 vel,
1161 860 1187 921 si
1210 859 1266 922 scit

173 973 285 1052 omnia,
316 973 446 1052 iniquum
469 990 537 1036 esse
560 973 703 1052 iudicem,
733 979 765 1036 ut
786 973 882 1035 honos
912 992 1005 1056 egere
1034 974 1177 1052 patiatur,
1207 973 1265 1035 ab·
1318 996 1321 1002 ¹

172 1086 284 1151 undare
306 1089 458 1168 inprobos.
503 1087 567 1150 Neo
590 1085 758 1169 superfluus
781 1087 864 1149 velut
886 1086 1002 1166 quidam
1032 1105 1179 1150 excursus
1202 1086 1265 1166 huit,

172 1207 204 1265 ut
236 1201 367 1282 opinioni
398 1202 565 1266 huiusmodi
602 1205 735 1285 ipsorum
774 1203 896 1265 affectus
930 1203 1148 1284 responderet,
1188 1220 1265 1284 quos

171 1317 276 1381 beatos
299 1318 444 1398 iudicant,
469 1336 534 1381 cum
558 1318 613 1398 ipsi
637 1336 671 1381 se
694 1318 820 1381 miseros
843 1323 954 1398 putent.
999 1317 1167 1379 Arbitratus
1188 1319 1265 1380 enirn

172 1449 236 1495 sum
260 1432 339 1513 quod
363 1432 420 1514 ipsi
444 1433 498 1496 sibi
522 1432 654 1510 facilius,
678 1451 766 1513 quarn
788 1431 874 1494 nohis
897 1430 1064 1493 crederent.

260 1544 311 1610 48.
356 1548 422 1622 Quo
445 1545 574 1609 decurso
605 1547 738 1627 proclive
770 1547 911 1624 aestimo,
944 1553 976 1606 ut
998 1544 1130 1607 refellam
1153 1551 1265 1607 cetera.

172 1659 209 1723 Et
230 1661 326 1741 primo
350 1680 454 1723 eorum
480 1661 699 1740 adsertionem,
734 1661 784 1740 qui
807 1661 892 1723 deum
917 1666 1020 1742 putant
1042 1678 1142 1723 curam
1166 1658 1266 1722 mundi

172 1792 358 1856 nequaquam
381 1775 510 1853 hahere,
544 1775 620 1837 sicut
642 1775 819 1838 Aristoteles
848 1775 961 1837 adserit
990 1791 1086 1853 usque
1109 1773 1145 1835 ad
1168 1773 1267 1836 lunam

175 1889 239 1952 eius
278 1888 463 1952 descendere
500 1889 724 1970 providentiam.
779 1889 817 1951 Et
850 1890 915 1970 quis
950 1895 1090 1970 operator
1126 1889 1267 1972 neglegat

174 2003 274 2084 operis
313 2003 359 2067 sui
397 2005 522 2067 curam?
578 2004 650 2079 Quis
685 2003 804 2066 deserat
843 2010 872 2065 et
909 2003 1048 2075 destituat
1084 2001 1164 2083 quod
1202 2002 1267 2084 ipse

175 2112 364 2178 condendum
386 2117 525 2195 putavit?
569 2114 600 2180 Si
622 2115 727 2179 iniuria
752 2123 797 2178 est
818 2133 948 2197 regere,
982 2134 1081 2178 nonne
1104 2122 1152 2178 est
1174 2117 1268 2180 maior

173 2228 279 2292 iniuria
308 2227 434 2307 iecisse,
466 2245 532 2290 curn
565 2225 674 2308 aliquid
705 2245 765 2289 non
796 2225 906 2290 iecisse
934 2227 1013 2289 nulla
1042 2227 1182 2290 iniustitia
1212 2228 1266 2307 sit,

174 2361 234 2406 non
259 2361 365 2406 curare
388 2341 468 2423 quod
492 2341 600 2405 feceris
623 2359 736 2404 summa
760 2341 972 2405 inclementia?

261 2454 311 2521 49.
357 2456 444 2532 Quod
467 2456 492 2520 si
515 2463 564 2519 aut
595 2457 682 2520 deum
713 2462 878 2519 creatorem
910 2475 995 2519 suurn
1023 2455 1186 2538 abnegant,
1217 2461 1268 2518 aut

174 2568 304 2634 ferarum
330 2576 360 2633 et
379 2572 539 2636 bestiarum
563 2589 597 2634 se
620 2571 723 2634 haberi
746 2589 868 2633 numero
892 2577 1032 2649 censent,
1056 2568 1125 2650 quid
1148 2568 1186 2631 de
1208 2569 1266 2632 illis

175 2684 324 2764 dicamus,
356 2686 406 2765 qui
435 2686 490 2748 hac
520 2703 554 2748 se
586 2685 784 2748 condemnant
806 2684 936 2748 iniuria?
980 2684 1036 2746 Per
1059 2683 1154 2747 omnia
1178 2681 1266 2746 deum

175 2798 219 2861 ire
242 2799 299 2880 ipsi
321 2798 464 2863 adserunt
486 2807 514 2862 et
538 2801 637 2863 omnia
660 2800 689 2862 in
714 2800 821 2863 virtute
846 2801 911 2863 eius
939 2798 1122 2876 consistere,
1154 2797 1214 2858 vim
1236 2802 1267 2860 et

175 2912 356 2975 maiestatem
380 2914 444 2976 eius
459 2932 515 2994 per
530 2916 626 2977 omnia
650 2914 796 2977 elementa
818 2921 986 2995 penetrare,
1011 2918 1117 2990 terraS,
1140 2909 1266 2990 caelum,

176 3025 267 3087 maria
275 3045 285 3102 ;
310 3030 339 3087 et
361 3032 464 3106 putant
486 3027 620 3089 iniuriam
644 3026 725 3106 eius,
748 3027 773 3088 si
795 3032 922 3088 mentem
945 3025 1090 3104 hominis,
1114 3042 1172 3105 qua
1195 3023 1267 3087 nihil

174 3139 261 3202 nohis
289 3139 355 3221 ipse
384 3143 583 3221 praestantius
616 3140 711 3221 dedit,
743 3148 879 3222 penetret
902 3147 932 3203 et
958 3140 1075 3204 divinae
1105 3138 1266 3203 maiestatis

175 3251 359 3336 ingrediatur
379 3253 526 3318 scientia?

262 3364 313 3431 50.
358 3365 418 3432 Sed
448 3368 467 3430 h
526 3387 554 3428 rn
587 3368 757 3450 magistrum
787 3367 869 3430 velut
898 3367 1011 3430 ebrium
1045 3372 1074 3429 et
1106 3364 1267 3448 voluptatis

175 3488 329 3563 patronum
352 3482 424 3564 ipsi,
448 3385 659 3563 qffputantur
681 3482 791 3573 sohrss
820 3481 948 3544 inrident
969 3479 1146 3562 philosophi.
1192 3480 1267 3543 Nam

177 3596 215 3659 de
230 3594 399 3683 Aristotelis
422 3595 563 3677 opinione
587 3595 657 3678 quid
678 3596 800 3675 loquar,
824 3597 874 3677 qui
896 3602 978 3676 putat
1000 3593 1088 3657 deum
1107 3592 1169 3656 suis
1187 3611 1267 3656 con-

176 3714 289 3771 tentum
318 3724 386 3771 esse
415 3708 521 3771 linibus
553 3715 581 3771 et
610 3708 795 3790 praescripto
826 3711 913 3792 regni
945 3706 1033 3770 modo
1066 3706 1200 3792 degere,
1235 3715 1308 3793 ιιιιζ-Ἰ

176 3831 331 3905 poetarum
353 3821 493 3885 locuntur
515 3821 648 3902 fabulae,
672 3824 722 3905 qui
738 3822 876 3885 mundum
898 3823 975 3885 inter
997 3829 1058 3884 tres
1074 3819 1174 3884 ierunt
1197 3837 1267 3885 esse

178 3934 312 4015 divisum,
328 3943 360 3999 ut
375 3935 424 3998 alii
440 3935 562 4015 caelum,
585 3936 634 4000 alii
649 3954 741 4017 mare,
755 3935 804 3999 alii
826 3934 942 3999 inferna
958 3936 1126 3999 coercenda
1141 3935 1266 4017 imperio

178 4058 260 4116 sorte
276 4049 461 4130 obvenerint,
484 4068 599 4132 eosque
614 4068 721 4113 cavere
743 4068 782 4112 ne
800 4057 940 4133 usurpata
963 4049 1123 4113 alienarum
1139 4050 1266 4131 partium

179 4163 375 4230 sollicitudine
397 4162 473 4228 inter
495 4180 530 4227 se
548 4162 661 4227 ¹bellum
685 4164 839 4229 excitent?
883 4162 1022 4230 Similiter
1050 4178 1126 4248 ergo
1153 4162 1266 4228 adserit
