2692 4666
314 368 319 375 ,
370 315 416 368 DE
434 314 571 370 oortcns
590 313 813 368 ministnonttm
830 312 927 367 LIBER
944 314 985 368 111.
1168 271 1236 381 199Ὕ

135 482 215 539 οιιιιιι
237 476 350 539 habere
373 474 452 557 quod
475 493 536 539 non
559 475 652 538 sunt?
696 473 772 538 Hinc
790 475 931 540 Salomon
953 472 1231 561 ait:¹)1aaoceae

96 568 99 574 ¹
134 590 234 651 credit
256 589 339 652 omui
360 589 465 652 uerbo.
509 589 578 652 Non
607 588 801 671 vituperanda
828 588 968 668 facilitas,
1002 588 1057 654 sed
1075 572 1230 657 laudanda

132 703 259 764 bonitus.
310 701 374 763 Hoc
406 706 452 763 est
481 702 670 764 innocentem
700 718 785 780 esse,
824 701 966 784 ignorare
995 703 1076 785 quod
1104 711 1229 783 noceat;

132 816 208 878 etsi
231 815 479 878 circumscribitur
502 815 538 876 ab
562 815 671 895 aliquo,
695 814 733 878 de
756 816 891 879 omnibus
909 823 1009 879 tamen
1026 817 1105 880 bene
1120 816 1230 883 iudicat

131 930 184 1010 qui
207 929 295 992 fidem
317 946 387 993 esse
409 930 440 992 in
464 929 599 992 omnibus
622 914 789 992 arbitratur.

221 1039 271 1106 69.
316 1042 376 1106 Hac
396 1043 489 1125 igitur
507 1043 614 1104 mentis
636 1060 709 1110 suae
732 1042 892 1106 devotione
915 1042 1085 1124 inclinatus,
1109 1051 1142 1109 ut
1155 1064 1228 1110 crc-

131 1156 237 1236 deret,
260 1163 467 1220 testamentum
491 1155 652 1237 disposuit,
674 1175 778 1238 pacem
801 1155 897 1235 dedit,
920 1157 1103 1221 confirmavit
1124 1159 1229 1222 socie-

130 1276 228 1333 tatem.
266 1270 326 1335 Sed
341 1270 391 1332 ubi
405 1270 436 1332 in
451 1276 547 1332 terras
564 1289 666 1333 eorum
682 1277 802 1333 ventum
825 1278 888 1351 est,
911 1271 1096 1353 deprebensa
1112 1272 1227 1355 fraude,

129 1381 230 1462 quod,
255 1399 321 1444 cum
343 1388 446 1444 essent
468 1382 597 1462 finitimi,
620 1380 751 1446 advenas
769 1401 804 1446 se
823 1401 893 1446 esse
916 1385 1140 1467 simulaverant,
1162 1389 1228 1451 uir-

130 1497 338 1578 cumsoriptum
354 1514 423 1558 sese
438 1496 566 1577 populus
582 1503 695 1578 patrum
712 1496 859 1580 indignari
883 1499 990 1580 coepit.
1027 1497 1112 1563 lesus
1128 1507 1226 1566 tamen

128 1629 251 1692 pacem,
276 1628 362 1691 quam
387 1608 527 1689 dederat,
557 1609 758 1674 revocandam
780 1628 841 1673 non
864 1612 994 1693 censuit,
1024 1614 1093 1694 quia
1114 1613 1226 1678 firmata

129 1730 195 1786 erat
223 1724 398 1786 sacramenti
427 1723 590 1807 religione,
620 1743 674 1804 ne,
705 1724 774 1787 dum
798 1724 922 1788 alienam
944 1726 1097 1808 perfidiam
1119 1729 1226 1813 arguit,

130 1855 215 1900 suam
242 1837 330 1899 fidem
358 1837 501 1901 solveret.
546 1838 680 1902 Multavit
712 1846 810 1903 tumen
843 1857 898 1904 eos
930 1840 1045 1904 vilioris
1078 1841 1225 1924 obsequio

127 1951 290 2030 ministerii.
336 1950 518 2014 Clementior
538 1952 701 2030 sententia,
732 1952 787 2015 sed
809 1950 976 2015 diuturnior
982 1974 992 2030 3
1025 1961 1125 2016 manet
1146 1955 1231 2047 enim¹

127 2063 234 2127 officiis
256 2082 355 2146 poena
377 2066 487 2129 veteris
511 2066 654 2146 astutiae,
676 2064 857 2129 hereditario
880 2066 911 2128 in
932 2065 1012 2130 hunc
1034 2064 1112 2130 diem
1134 2067 1224 2131 mini-

126 2178 220 2241 sterio
244 2177 390 2259 deputata.
462 2216 464 2220 >

545 2383 716 2450 CAPUT
749 2386 809 2450 XI.

125 2529 237 2583 Inductio
260 2547 307 2599 per
330 2531 487 2584 reticentiam
514 2532 667 2586 rhetoricam
692 2533 808 2585 fraudum
834 2531 990 2602 quamndarn
1014 2533 1153 2603 exemplis,
1178 2550 1222 2587 eas

231 2628 308 2689 atque
326 2618 388 2671 alias
408 2634 496 2672 omnes
514 2623 627 2688 apertius
644 2622 670 2672 in
688 2622 811 2688 scriptura
834 2619 947 2673 damnari
964 2620 1116 2673 ostenditur.

215 2745 265 2809 70.
309 2746 378 2810 Non
408 2765 468 2830 ego
492 2748 521 2810 iu
545 2731 762 2811 'hereditatibus
789 2744 934 2811 adeundis
962 2744 1122 2828 digitorum
1146 2763 1221 2825 per-

125 2859 282 2923 cussiones
313 2867 342 2923 et
371 2862 441 2924 nudi
472 2864 658 2925 successoris
688 2862 860 2925 saltationes
891 2861 1018 2936 nutabo;
1049 2877 1117 2922 uam
1146 2860 1220 2921 haec

126 2974 215 3035 etiam
248 2974 340 3057 vulgo
374 2974 530 3037 notabilia:
564 2992 626 3037 non
660 2974 813 3037 simulatae
845 2973 1018 3055 piscationis
1049 2972 1219 3054 conpositas

124 3088 245 3168 copias,
275 3095 308 3150 ut
330 3088 471 3170 emptoris
500 3088 671 3151 inliceretur
702 3088 834 3150 affectus.
878 3087 939 3150 Cur
961 3088 1040 3149 enim
1068 3092 1127 3148 tam
1152 3090 1220 3147 sttr-

123 3198 226 3264 diosus
263 3202 398 3264 luxuriae
432 3220 468 3263 ac
500 3201 670 3263 deliciarum
707 3208 846 3282 repertus
883 3208 949 3280 est,
986 3207 1019 3262 ut
1050 3197 1219 3262 huiusmodi

122 3311 259 3377 fraudem
280 3316 456 3396 pateretur?

211 3425 261 3490 71.
306 3429 383 3503 Quid
411 3429 483 3492 mibi
514 3434 641 3491 tractare
664 3428 703 3489 de
726 3426 915 3510 Syracusano
938 3427 988 3489 illo
1012 3444 1139 3489 amoeno
1162 3443 1217 3488 se-

123 3547 268 3622 cretoque
298 3560 422 3606 secessu
453 3551 483 3605 et
514 3542 551 3604 de
575 3541 666 3608 Siculi
695 3539 821 3604 hominis
849 3539 1021 3618 calliditate,
1053 3539 1119 3619 qui,
1149 3557 1217 3601 cum

121 3657 314 3738 peregrinum
344 3657 472 3737 aliquem
503 3658 704 3740 repperisset,
737 3657 859 3738 cognito
883 3655 963 3735 quod
986 3654 1111 3735 cupidus
1135 3661 1217 3716 esset

121 3767 276 3832 hortorum
299 3770 464 3849 venalium,
494 3771 529 3832 ad
553 3788 675 3834 caenam
698 3771 728 3831 in
751 3769 853 3833 hortos
876 3769 1013 3851 rogavitr
1042 3766 1216 3850 promisisse

121 3882 283 3962 inritatum,
306 3883 450 3964 postridie
472 3885 609 3949 venisse:
626 3882 796 3971 'offendisse
811 3884 869 3946 iilic
884 3901 1019 3966 magnam
1035 3883 1216 3964 piscatorum

194 4125 221 4192 1)
239 4125 312 4178 nov.
336 4128 375 4194 ιι,
398 4128 436 4182 ιι.
