2692 4666
367 337 414 391 DE
434 336 570 393 omens
589 338 812 394 mmsraoaun
830 339 928 395 leER
944 341 976 396 ll.
1111 363 1113 372 ι
1161 344 1223 410 149

123 501 243 575 servat,
265 513 374 561 avarus
395 497 485 577 nulli,
509 495 564 559 sed
586 496 688 580 largus
712 498 847 562 omnibus
870 506 932 577 est3
958 519 1020 565 non
1042 500 1121 563 enim
1142 502 1224 565 solas

123 626 215 673 aures
243 610 391 691 praebere
419 607 562 691 debemus
593 609 748 673 audiendis
778 613 962 692 precantium
991 614 1134 693 vocibus,
1168 613 1223 676 sed

123 722 213 784 etiam
235 714 340 785 oculos
363 721 588 786 considerandis
610 723 848 786 necessitatibus.
892 724 961 787 Plus
981 726 1087 788 clamat
1109 743 1223 807 opera-

122 834 183 895 tori
210 833 292 895 bono
324 830 476 911 debilitas,
511 851 597 912 quam
628 851 691 895 vox
720 834 869 913 pauperis.
914 833 1020 917 Neque
1053 855 1128 901 vero
1158 837 1225 901 fieri

123 948 240 1026 potest,
274 951 389 1006 utnon
413 948 593 1022 extorqueat
615 942 738 1022 amplius
761 943 957 1024 inportunitas
980 947 1205 1012 vociferantium
1212 971 1222 1028 3

123 1056 178 1120 sed
201 1073 262 1118 non
285 1072 404 1136 semper
427 1052 617 1134 inpudentiae
639 1053 725 1116 locus
748 1054 794 1116 sit.
840 1055 992 1121 Videndus
1016 1064 1063 1120 est
1083 1059 1150 1139 ille,
1173 1062 1223 1141 qui

122 1179 153 1235 te
174 1188 237 1234 non
259 1169 359 1245 videt3
389 1166 586 1248 requirendus
610 1172 657 1229 est
679 1167 747 1246 ille,
776 1168 826 1248 qui
849 1169 1000 1254 erubescit
1021 1171 1126 1233 videri.
1171 1173 1224 1236 llle

124 1286 212 1347 etiam
235 1283 353 1346 clausus
373 1282 403 1343 in
426 1298 550 1343 carcere
572 1289 711 1344 occurrat
732 1282 794 1360 tibi,
817 1282 867 1344 ille
889 1282 1012 1346 affectus
1035 1287 1223 1368 aegritudine

123 1402 252 1459 mentem
273 1400 352 1457 tuam
375 1401 538 1474 personet,
561 1395 610 1474 qui
634 1411 722 1456 aures
745 1412 806 1457 non
828 1402 935 1475 potest.

212 1505 263 1571 78.
308 1506 375 1580 Quo
398 1506 465 1588 plus
487 1513 528 1584 tex
540 1508 658 1587 operari
681 1507 790 1568 viderit
814 1507 956 1588 populus,
986 1509 1080 1592 magis
1110 1509 1223 1594 diliget.

124 1624 193 1690 Scio
216 1622 378 1703 plerosque
410 1619 601 1699 sacerdotes,
630 1638 690 1700 quo
712 1619 779 1700 plus
802 1621 1006 1700 contulerunt,
1035 1622 1102 1702 plus
1124 1623 1222 1685 abun-

124 1732 230 1815 dasse,
253 1732 594 1812 quoniamquicumque
617 1732 727 1793 bonum
752 1733 921 1811 operarium
943 1733 1043 1812 videt,
1066 1735 1123 1814 ipsi
1145 1753 1222 1803 con·
1331 1779 1338 1788 .

124 1846 191 1926 lert,
215 1844 295 1925 quod
310 1844 360 1906 ille
375 1860 432 1906 suo
448 1843 547 1907 otlicio
564 1845 724 1926 dispenset,
748 1862 872 1907 secums
897 1845 976 1925 quod
1001 1846 1037 1908 ad
1060 1864 1222 1929 pauperem

123 1972 178 2019 sua
208 1955 365 2036 perveniat
398 1954 619 2030 misericordia;
658 1973 746 2018 nemo
780 1956 857 2017 enim
891 1957 969 2038 vult',
1008 1959 1064 2021 nisi
1098 1961 1222 2042 pauperi

123 2067 274 2150 prolicere
304 2084 388 2129 suam
420 2067 627 2129 conlationem.
672 2067 745 2128 Nam
769 2068 904 2148 siquem
928 2076 978 2131 aut
1007 2070 1222 2135 inmoderatum

123 2187 174 2244 aut
195 2175 440 2243 nimis'tenacem
467 2178 704 2260 dispensatorem
727 2179 854 2260 viderit,
887 2187 1044 2263 utrumque
1067 2173 1221 2265 despiciet,

122 2297 222 2358 siaul
244 2293 402 2375 superfluis
433 2293 658 2375 erogationibus
688 2292 811 2375 dissipet
841 2295 930 2358 alieni
961 2294 1074 2358 tructus
1098 2279 1225 2379 laboris,

122 2413 172 2470 aut
187 2405 333 2470 recondat
354 2406 491 2469 saeculis.
530 2406 611 2470 Sicut
627 2407 717 2491 igitur
738 2407 844 2471 modus
867 2408 1048 2471 liberalitatis
1072 2404 1220 2484 tenendus

123 2525 185 2596 est,
215 2516 255 2581 ita
278 2518 365 2580 etiam
388 2518 487 2580 calcar
515 2518 692 2599 plerumque
723 2518 919 2581 adhibendum
941 2519 1068 2583 videtur.
1113 2506 1221 2584 llodus

122 2629 211 2708 ideo,
243 2636 276 2693 ut
298 2629 379 2710 quod
410 2628 582 2709 benefacis,
613 2629 642 2692 id
665 2629 774 2692 cotidie
804 2629 906 2693 lacere
935 2631 1051 2710 possis,
1084 2612 1124 2693 ne
1145 2632 1222 2695 sub-

122 2742 223 2806 trahas
246 2742 433 2823 necessitati,
457 2742 538 2823 quod
560 2734 719 2806 indulseris
743 2742 882 2807 effusioni
889 2764 899 2820 ;
933 2744 1030 2806 calcar
1051 2749 1222 2825 propterea,

123 2857 174 2938 qni
195 2857 301 2920 melius
324 2863 466 2937 operatur
487 2857 614 2938 pecunia
637 2858 667 2919 in
688 2856 827 2938 pauperis
850 2857 936 2936 emo,
960 2860 1049 2936 quam
1071 2857 1101 2918 in
1124 2855 1222 2919 divitis

123 2969 254 3032 sacculo.
300 2967 381 3031 Cave
403 2986 443 3030 ne
457 2969 543 3032 intra
564 2951 681 3032 loculos
703 2973 772 3030 tuos
794 2962 929 3031 includas
956 2968 1080 3031 salutem
1102 2969 1224 3050 inopum

122 3088 154 3144 et
175 3075 322 3162 mqua‘in
343 3078 375 3143 in
396 3081 516 3145 tumulis
538 3082 667 3163 sepelias
689 3081 779 3144 vitam
801 3081 974 3163 pa'uperu'm.
1019 3077 1021 3081 ’

211 3191 263 3258 79:
305 3194 403 3257 Potuit
432 3193 546 3257 donare
575 3193 684 3274 loseph
715 3198 793 3256 totas
816 3193 1045 3276 opes-Aegypti
1068 3198 1098 3254 et
1120 3188 1223 3255 etlou-

122 3305 197 3368 dere
218 3305 377 3370 thesauros
399 3308 524 3391 regios3
553 3307 647 3371 noluit
669 3312 767 3370 umen
790 3305 828 3369 dc
851 3307 949 3370 alieno
974 3305 1088 3369 eliusus
1112 3303 1223 3382 videri3

121 3417 225 3479 maluit
248 3415 393 3480 frumenta
414 3409 566 3498 vendere,
598 3436 685 3498 quam
708 3416 822 3480 donare
844 3392 1063 3495 esurientibus,
1087 3401 1174 3496 quia,
1197 3416 1223 3480 si

121 3530 225 3610 paucis
256 3528 416 3610 donasset,
448 3531 597 3613 plurimis,
613 3529 765 3594 debuisset.
810 3529 881 3592 Eam
911 3525 1117 3592 liberalitatem
1148 3517 1223 3609 pro-'

120 3641 221 3720 bavit,
245 3658 305 3722 quo
327 3642 492 3706 abundaret
513 3643 658 3708 omnibus,
700 3639 842 3705 Patefecit
862 3642 991 3720 horrea,
1012 3638 1040 3724 ¹)
1062 3647 1096 3704 ut
1118 3657 1223 3705 omnes

122 3759 259 3816 emerent
286 3753 449 3817 subsidium
480 3754 720 3835 frumentarium,
750 3773 790 3816 ne
811 3754 905 3838 gratis
928 3751 1102 3836 accipiendo
1126 3746 1223 3816 ocultus

120 3871 271 3929 terrarm
294 3866 508 3948 relinquerent,
532 3868 670 3949 quoniam
685 3869 736 3948 qui
752 3868 849 3931 alieno
866 3860 956 3931 utitur
971 3883 1058 3929 suum
1079 3863 1222 3948 neglegit.

194 4101 224 4170 l)
241 4099 305 4156 Gerr.
322 4101 367 4170 tr,
388 4099 422 4154 56
439 4119 493 4173 seq.
