2692 4666
375 299 421 353 DE
440 299 577 355 omens
596 301 821 356 ltuttstuoltttlt
838 303 936 358 LIBER
952 304 994 361 111.
1169 311 1232 377 215

133 469 297 525 extraneos
326 460 576 542 requiescendum
604 468 738 544 putaret,
769 464 904 545 nequivit
931 473 1037 530 tenere
1066 473 1096 530 et
1125 468 1234 532 dimisit

130 595 189 638 una
213 594 279 637 cum
301 575 359 637 lilia
386 593 448 638 sua.

222 685 292 752 114.
331 689 440 750 Verum
464 687 514 750 ubi
538 686 613 748 lacta
638 694 683 749 est
706 687 802 768 aliqua
825 693 1012 772 progressio,
1036 711 1102 755 cum
1122 712 1232 777 vesper

130 802 188 864 iam
220 803 344 883 propior
374 809 519 882 urgueret
550 808 580 862 et
602 800 867 882 adpropinquatum
891 803 971 868 toret
993 806 1031 868 ad
1053 808 1157 870 urbem
1180 808 1231 870 le-
1266 844 1275 861 ·

130 916 311 979 busaeorum
336 915 454 978 dicente
476 915 597 978 servolo
618 922 650 977 ut
669 915 705 977 ad
723 935 787 978 eam
804 917 940 981 dominus
957 937 1029 983 suus
1047 921 1230 1002 dellecteret,

130 1048 193 1093 uon
216 1029 368 1110 adquievit
391 1029 528 1092 dominus
552 1047 634 1110 suus,
659 1030 726 1111 quia
750 1049 811 1092 non
834 1039 898 1094 erat
921 1050 956 1094 ea
980 1034 1083 1097 civitas
1103 1035 1230 1098 tiliorum

129 1143 238 1222 lsrael,
268 1141 322 1206 sed
346 1143 468 1205 intendit
491 1144 652 1224 pervenire
675 1161 772 1223 usque
795 1142 912 1226 Gabaa,
944 1164 1021 1226 quaa
1044 1147 1230 1211 habitabatur

131 1275 147 1318 a
170 1257 283 1339 populo
307 1258 399 1320 tribus
416 1257 576 1318 Beniamin.
615 1257 678 1318 Neo
701 1263 765 1318 erat
780 1259 945 1340 quisquam,
969 1261 1019 1342 qui
1034 1261 1229 1325 advenientes

129 1371 281 1451 reciperet
295 1370 435 1452 hospitio,
451 1371 507 1432 nisi
523 1371 569 1431 vir
583 1372 763 1454 peregrinus
779 1390 942 1456 progressa
953 1381 1059 1437 aetate.
1090 1375 1146 1450 Qui
1162 1394 1228 1437 cum

130 1485 299 1564 aspexisset
321 1502 375 1548 eos
399 1490 428 1546 et
451 1485 670 1565 interrogasset
692 1484 828 1547 levitam:
862 1487 928 1562 Quo
951 1486 1053 1567 vadiS,
1078 1489 1125 1551 vel
1147 1488 1228 1551 unde

129 1597 242 1660 venis?
280 1616 339 1678 quo
362 1597 563 1679 respondente
581 1597 670 1693 ηιιοάΔ
689 1606 771 1661 esset
793 1601 889 1663 viator
913 1607 943 1663 et
963 1608 1117 1683 repeteret
1138 1620 1228 1664 mon-

129 1717 188 1772 tem
212 1709 358 1791 Ephraem
387 1717 418 1771 et
447 1728 507 1772 non
538 1715 620 1771 esset
647 1711 696 1790 qui
720 1710 878 1794 colligeret
901 1731 985 1793 eum,
1018 1714 1176 1795 hospitium
1199 1714 1228 1777 ei

129 1824 234 1906 optulit
256 1830 285 1884 et
307 1823 464 1886 adornavit
486 1823 664 1885 convivium.

220 1932 291 2000 115.
337 1937 376 1998 At
398 1936 448 1997 ubi
470 1937 591 1998 satietas
614 1936 752 2017 epulandi
780 1936 855 2000 lacta
886 1946 932 2001 est
962 1946 993 2002 et
1021 1959 1143 2005 mensae
1171 1961 1227 2005 re-

128 2057 243 2129 motae,
266 2053 423 2112 inruerunt
445 2049 617 2129 pestilentes
641 2051 713 2129 viri,
736 2051 946 2115 circumierunt
970 2055 1097 2117 domurn.
1143 2057 1226 2119 'lunc

129 2166 233 2228 senior
263 2164 350 2226 liliam
381 2181 464 2226 suam
495 2164 642 2246 virginem
672 2170 701 2226 et
731 2167 924 2246 coaequalem
955 2169 1038 2246 eius,
1072 2187 1138 2232 cum
1168 2187 1226 2250 qua

127 2280 261 2341 cubitare
285 2278 371 2340 solita
395 2283 492 2356 esset,
516 2277 662 2340 offerebat
685 2279 756 2342 viris
779 2281 956 2360 iniquitatis,
984 2288 1094 2346 tantum
1117 2303 1156 2346 ne
1178 2286 1225 2348 vis

126 2393 316 2474 inrogaretur
339 2392 457 2473 hospiti.
502 2393 613 2455 Verum
636 2395 686 2456 ubi
709 2413 812 2475 parum
835 2395 910 2458 ratio
940 2398 1089 2477 processit
1119 2405 1149 2459 et
1180 2399 1225 2461 vis

124 2505 307 2587 praevaluit,
338 2507 430 2566 cessit
459 2505 566 2566 levites
598 2507 687 2588 iugali
717 2523 788 2585 sua,
821 2513 852 2568 et
875 2513 1083 2589 cognoverunt
1108 2527 1172 2570 eam
1195 2516 1226 2571 et

125 2623 187 2678 tota
210 2624 299 2679 nocte
322 2615 488 2679 inluserunt
511 2619 547 2679 ei.
593 2617 658 2691 Qua
681 2619 835 2680 atrocitate
858 2618 906 2680 vel
932 2619 1038 2682 dolore
1069 2622 1144 2683 victa
1174 2623 1224 2683 in-

123 2731 219 2793 iuriae
242 2737 310 2792 ante
334 2731 440 2792 ostium
465 2729 607 2810 hospitis,
638 2748 699 2811 qno
722 2731 768 2793 vir
791 2748 864 2792 suus
887 2731 1067 2810 diverterat,
1098 2733 1225 2817 proiecit

124 2861 159 2907 sc
175 2853 264 2925 atque
281 2845 430 2906 exhalavit
445 2847 588 2926 spiritum,
610 2863 751 2927 supremo
767 2846 837 2908 licet
852 2847 931 2907 vitae
948 2863 1071 2908 munere
1086 2846 1223 2908 affectum

123 2959 223 3022 bonae
245 2959 384 3041 coniugis
406 2975 551 3036 servans,
584 2965 616 3020 ut
639 2959 799 3038 exsequias
822 2957 925 3020 saltem
948 2961 995 3020 sui
1019 2957 1133 3020 funeris
1156 2977 1224 3021 nra·

123 3073 182 3135 rito
205 3079 387 3135 reservaret.

215 3182 284 3249 116.
331 3185 398 3260 Ouo
422 3186 562 3267 cognito,
591 3201 631 3246 no
653 3184 752 3247 multis
776 3201 894 3262 morer,
925 3183 1021 3246 omnis
1044 3200 1139 3264 prope
1161 3199 1223 3263 po·

121 3299 210 3381 pulos
225 3298 318 3360 lsrael
340 3300 369 3358 in
393 3299 500 3361 bellum
525 3300 645 3376 exarsit,
662 3295 689 3380 ¹)
713 3297 864 3377 dubioque
886 3303 996 3359 eventu
1021 3314 1087 3359 curn
1110 3314 1221 3377 anceps

121 3419 257 3497 maneret
286 3413 452 3493 proelium,
484 3414 570 3475 tertia
600 3417 696 3473 tamen
727 3411 893 3492 proeliandi
924 3411 991 3472 vice
1022 3411 1145 3472 traditus
1176 3417 1222 3472 est

121 3523 249 3605 populus
270 3523 422 3586 Beniamin
445 3524 556 3605 populo
579 3523 670 3585 lsrael
693 3529 722 3583 et
745 3520 843 3582 divina
867 3520 1051 3585 adiudicatus
1074 3525 1221 3586 sententia

120 3654 236 3719 poenas
259 3637 502 3720 intemperantiae
524 3640 586 3701 luit.
632 3638 853 3700 Condemnatus
877 3654 1013 3717 quoque,
1030 3634 1063 3722 ²)
1092 3656 1131 3699 ne
1154 3639 1220 3718 quis

121 3754 150 3816 ei
181 3770 221 3814 ex
249 3771 374 3816 numero
405 3761 519 3835 patrum
549 3753 635 3815 liliam
667 3772 749 3816 suam
779 3752 863 3815 daret
893 3753 923 3812 iu
954 3767 1098 3829 uxorem,
1129 3750 1221 3832 idque

120 3865 326 3929 confirmatum
349 3867 421 3929 iuris
443 3868 559 3929 iurandi
577 3873 763 3930 sacramento
780 3873 834 3930 est.
872 3865 931 3930 Sed
947 3866 1116 3946 conpuncti,
1139 3863 1220 3947 quod

193 4106 221 4172 1)
239 4105 317 4161 Iudic.
336 4108 379 4173 20,
398 4107 411 4159 1
432 4123 488 4178 aeq.
557 4109 585 4174 2)
603 4089 666 4160 lbid.
687 4107 730 4174 21,
750 4106 762 4158 1
783 4124 838 4178 seq.
