2692 4666
333 305 380 360 DE
399 304 537 364 omens
554 307 780 364 ttltttslaontttt
797 308 895 373 tiana
912 310 932 368 l.
1138 317 1179 382 95

80 463 224 528 secundis
245 472 275 530 et
295 469 380 550 quasi
402 477 493 534 vento
516 471 655 554 quodam,
679 473 827 538 variarum
849 493 950 539 rerum
972 472 1181 539 circumfertur

80 580 251 644 mutatione.
306 582 383 657 Quid
418 591 518 648 autem
552 588 703 651 excelsius
737 595 767 651 et
798 589 1053 672 magnificentius,
1091 606 1180 669 quam

80 709 229 757 exercerc
260 702 407 776 mentem,
440 697 562 762 afficere
594 719 731 781 carnem,
748 704 794 765 <in
827 703 998 764 servitutem
1029 701 1180 782 redigere,

79 805 249 895 utobediat
270 804 410 889 imperio,
434 809 566 872 consiliis
590 811 792 893 obtemperet,
815 819 847 875 ut
870 814 901 876 in
924 815 1068 877 adeundis
1091 814 1181 878 labo·

79 906 164 983 ruiis
186 919 305 1004 inpigre
329 929 511 1002 exsequatur
533 925 717 1003 propositum
740 924 829 987 animi
852 943 887 987 ac
911 926 1117 989 voluntatem?

169 1031 241 1099 182.
293 1034 373 1098 Haec
406 1035 498 1118 igitur
531 1037 626 1117 prima
658 1036 704 1099 vis
738 1035 937 1118 fortitudinis,
977 1039 1116 1119 quoniam
1149 1040 1180 1101 in

78 1146 198 1213 ductus
224 1148 388 1232 generibus
419 1148 561 1213 fortitudo
594 1158 744 1232 spectatur
775 1151 872 1215 animi.
916 1155 1028 1234 Primo,
1062 1162 1094 1217 ut
1120 1173 1179 1216 ex-

78 1270 165 1326 terna
198 1264 334 1344 corporis
358 1281 415 1345 pro
438 1265 565 1329 minimis
597 1265 705 1330 babeat
728 1273 756 1329 et
780 1269 866 1348 quasi
897 1265 1048 1349 superflua
1074 1267 1180 1348 despi-

78 1376 185 1440 cienda
208 1377 322 1460 magis,
353 1396 441 1457 quam
466 1378 635 1460 expetenda
658 1379 746 1442 ducat
753 1403 762 1457 ;
793 1379 947 1459 secundo,
970 1387 1079 1459 ntea,
1103 1400 1179 1460 quae

78 1508 194 1555 summa
229 1497 317 1570 sunt,
355 1509 520 1573 omnesque
555 1510 623 1571 res,
656 1476 693 1556 'in
728 1495 836 1574 quibus
870 1495 1011 1556 honestas
1045 1500 1075 1557 et
1107 1494 1180 1557 illud

78 1597 206 1689 πρέπον
227 1604 374 1683 cernitur,
397 1605 550 1686 praeclara
572 1605 662 1668 animi
684 1607 849 1670 intentione
868 1625 965 1687 usque
984 1606 1020 1670 ad
1041 1605 1179 1670 effectum

77 1725 286 1799 persequatur.
332 1719 409 1794 Quid
432 1719 510 1781 enim
530 1727 586 1782 tam
609 1720 811 1800 praeclarum,
836 1740 923 1801 quam
941 1728 973 1782 ut
991 1721 1030 1781 ita
1052 1722 1180 1783 animum

79 1831 224 1894 informes
253 1838 353 1909 tuum,
384 1836 416 1893 ut
439 1847 537 1910 neque
568 1829 702 1910 divitias,
735 1850 834 1912 neque
864 1831 1051 1913 voluptates,
1080 1850 1181 1913 neque

79 1944 219 2007 bonores
236 1943 265 2005 in
290 1942 424 2004 maximis
457 1943 635 2021 constituae,
666 1961 764 2023 neque
795 1945 824 2005 in
856 1943 901 2006 bis
931 1945 1059 2009 studium
1091 1965 1179 2010 omna

79 2057 246 2121 conteras?
290 2055 378 2131 Quod
401 2075 468 2118 cum
490 2057 530 2119 ita
554 2055 680 2119 affectus
702 2057 799 2120 animo
831 2057 941 2139 fueris,
972 2077 1099 2123 necesse
1123 2067 1191 2141 est,-
1216 2124 1225 2135 ,

78 2180 113 2236 ut
142 2168 213 2234 illud
243 2171 400 2234 honestum
437 2190 471 2235 ac
504 2171 645 2234 decorum
679 2171 926 2254 praeponendum
959 2181 1046 2254 putes
1078 2170 1184 2255 illiquo'

79 2291 209 2349 mentem
231 2283 271 2346 ita
292 2281 429 2346 intendas
453 2289 549 2361 tuam,
583 2291 615 2345 ut
638 2282 779 2364 quidquid
802 2283 960 2363 acciderit,
996 2302 1056 2365 quo
1079 2285 1180 2368 frangi

77 2399 171 2462 animi
192 2398 307 2477 solent,
339 2404 370 2459 ut
392 2397 560 2476 patrimonii
582 2397 702 2459 amissio
724 2403 773 2460 aut
795 2397 920 2461 honoris
951 2398 1105 2461 inminutio
1130 2403 1181 2461 aut

78 2510 256 2577 obtrectatio
286 2509 466 2588 infidelium,
500 2509 585 2589 quasi
611 2511 750 2590 superior
773 2528 833 2574 non
856 2509 985 2585 sentiam
1016 2510 1125 2573 deinde
1147 2518 1180 2574 ut

79 2631 111 2687 te
133 2623 237 2687 salutis
267 2622 362 2703 ipsius
393 2620 527 2702 pericula
559 2639 614 2700 pro
648 2622 757 2683 iustitia
785 2627 924 2703 suscepta
947 2640 1008 2686 non
1031 2629 1180 2687 moveant

172 2733 241 2801 183.
287 2735 369 2797 Haec
384 2751 457 2819 vera
479 2732 620 2796 fortitudo
637 2739 692 2812 est,
716 2753 803 2815 quam
825 2735 915 2798 habet
930 2712 1038 2800 Christi
1059 2735 1179 2817 athleta,

80 2852 151 2933 qni,
173 2851 230 2913 nisi
252 2850 385 2931 legitime
409 2848 584 2925 certaverit,
606 2865 666 2910 non
690 2853 858 2911 coronatur.
880 2844 911 2930 ¹)
955 2849 1003 2911 An
1027 2849 1181 2913 mediocre

80 2965 133 3028 tibi
154 2962 272 3027 videtur
295 2959 704 3043 praeceptumfortitudinis:
722 2957 753 3043 ²)
792 2959 968 3024 Tribalotio
995 2963 1180 3042 potientium

80 3083 254 3158 operator,
287 3073 446 3154 patientia
480 3073 714 3152 probationes,
750 3073 898 3163 probatio
934 3083 1036 3137 catam
1068 3075 1180 3153 apem?

79 3193 158 3255 Vide
180 3194 253 3277 quot
275 3187 452 3265 certamina,
482 3192 513 3249 et
534 3205 594 3263 una
616 3187 746 3250 coronal
792 3187 880 3261 Quod
903 3195 1096 3269 praeceptum
1119 3205 1180 3251 non
1301 3246 1304 3251 <

80 3307 147 3386 dat,
177 3304 234 3367 nisi
255 3304 306 3384 qui
327 3307 374 3366 est
396 3286 581 3364 confoftatus
605 3300 635 3362 in
660 3300 777 3363 Christo
801 3300 887 3380 lesu,
923 3302 1006 3364 cuius
1030 3319 1101 3365 caro
1125 3319 1180 3364 ra-

81 3420 181 3502 quiem
211 3434 274 3480 non
303 3415 438 3479 habebat.
482 3413 613 3477 Afflictio
642 3412 789 3495 undique:
826 3412 899 3476 foris
930 3431 1069 3498 pugnae,
1100 3414 1180 3478 intus

81 3535 214 3598 timores.
259 3530 296 3594 Et
324 3528 458 3611 quamvis
486 3531 517 3591 in
540 3529 696 3610 periculis,
730 3529 759 3589 in
783 3527 934 3591 laboribus
964 3526 1115 3608 plurimis,
1149 3527 1181 3589 in

81 3645 272 3722 carceribus,
302 3644 333 3705 in
360 3643 504 3705 mortibus
533 3640 799 3737 positusffipnimo
832 3649 930 3705 tamen
963 3657 1024 3703 non
1053 3639 1180 3722 frange-

80 3762 188 3839 batur,
210 3757 266 3823 sed
287 3755 509 3838 praeliabatur,
534 3738 838 3834 adotritpotenttor
860 3753 922 3818 suis
946 3752 1033 3818 fieret
1055 3751 1180 3816 iufirmi-

80 3873 198 3936 tatibus.
216 3867 249 3954 ³)

84 4018 289 4037 „......-.

154 4108 185 4179 1)
202 4107 227 4161 2.
246 4105 308 4160 Tim.
327 4080 397 4176 2,5.
470 4108 499 4174 2)
517 4105 590 4161 Rom.
610 4107 635 4173 5,
654 4106 671 4161 3
689 4123 742 4178 aeq.
823 4108 852 4175 3)
872 4108 896 4161 2.
915 4104 973 4160 Gor.
994 4105 1037 4174 11,
1055 4107 1090 4161 24
1107 4122 1180 4178 sagq.
