2692 4666
158 346 201 414 ⁷0
600 333 627 398 s.
644 340 800 399 nuanosn

158 504 213 570 sed
235 523 397 588 repressus
420 510 484 582 est3
519 505 633 568 animus
656 504 788 586 aequalis
811 504 972 590 gerendis,
996 507 1047 587 qui
1070 522 1128 568 nec
1149 522 1259 590 magna

158 638 214 703 pro
237 620 359 701 vilibus,
389 638 447 682 nec
477 619 592 683 minora
615 638 671 703 pro
694 620 810 704 magnis
842 618 981 702 duceret,
1013 619 1178 684 moderatio
1202 639 1258 703 pro

158 734 309 817 negotiis,
340 735 415 798 ordo
441 753 558 815 rerum,
590 736 774 817 oportunitas
806 742 986 817 temporum,
1020 753 1161 799 mensura
1183 753 1258 798 ver-

158 847 272 910 borum.
318 846 391 910 Fide
413 847 544 928 primus,
568 846 675 917 iustitia
699 846 895 928 praecipuus,
919 847 948 909 in
970 849 1084 930 praelio
1108 855 1258 930 strenuus,

159 936 334 1024 in‘victoria
356 978 417 1025 nou
442 979 567 1042 avarus,
590 960 670 1025 domi
692 961 864 1043 hospitalis,
888 964 977 1026 uxori
1001 963 1132 1027 sedulus.

249 1071 319 1138 111.
365 1075 503 1140 Sanctum
526 1093 647 1157 quoque
670 1076 734 1138 eius
756 1082 896 1157 nepotem
918 1076 1008 1140 lacob
1029 1074 1057 1160 ¹)
1092 1075 1259 1142 delectabat

160 1189 239 1254 domi
261 1206 400 1252 securum
423 1189 555 1272 degere3
582 1187 637 1250 sed
660 1194 754 1250 mater
775 1188 869 1252 voluit
891 1190 1096 1274 peregrinari,
1119 1196 1151 1253 ut
1174 1189 1259 1254 daret

160 1303 311 1367 fraternae
335 1302 505 1365 iracundiae
529 1303 637 1365 locum.
677 1303 752 1365 Vicit
770 1303 929 1385 appetitum
952 1303 1067 1367 consilii
1090 1304 1257 1368 salubritas.

160 1417 252 1481 Exsul
275 1417 375 1497 domo,
398 1414 544 1499 profugus
569 1415 790 1496 aparentibus,
814 1415 924 1496 ubique
947 1422 1045 1478 tamen
1068 1417 1259 1480 convenien-

159 1539 219 1596 tem
251 1549 419 1596 mensuram
453 1530 584 1612 negotiis
616 1530 711 1592 tenuit
745 1536 775 1591 et
811 1530 994 1611 temporibus
1029 1532 1259 1612 oportunitatem

160 1647 338 1710 reservavit.
394 1643 544 1725 deceptus
579 1642 658 1706 domi
691 1643 881 1726 parentibus,
917 1651 950 1707 ut
982 1645 1058 1707 alter
1091 1646 1260 1708 maturitate

163 1765 345 1842 provocatus
380 1758 518 1838 obsequii
551 1756 791 1820 benedictionem
824 1757 926 1837 daret,
963 1757 1038 1822 alter
1072 1776 1174 1822 amore
1207 1759 1258 1841 plo

162 1872 365 1956 propenderet
372 1892 381 1949 3
412 1872 545 1936 fraterno
577 1891 698 1955 quoque
729 1873 839 1936 iudicio
870 1874 1037 1956 praelatus,
1071 1892 1138 1937 oum
1161 1876 1259 1938 cibum

162 2005 247 2051 sumn
276 1986 359 2050 fratri
393 1987 559 2051 cedendum
590 1994 741 2070 putasset,
757 1984 791 2071 ²)
826 1987 1030 2052 delectabatur
1063 1989 1166 2070 utique
1200 1988 1259 2052 ali·
1289 1991 1296 2002 '

163 2107 261 2166 mento
284 2103 448 2166 secundum
469 2109 621 2183 naturam,
652 2101 707 2164 sed
729 2102 892 2165 secundum
922 2104 1061 2185 pictatem
1085 2104 1175 2165 cessit
1198 2122 1258 2187 pe-

163 2220 224 2282 tito.
270 2219 374 2282 Pastor
404 2217 523 2283 domino
554 2218 659 2302 gregis
681 2217 774 2295 fidus,
809 2235 918 2280 socero
940 2235 1036 2302 gener
1058 2215 1198 2297 sedulus,
1230 2219 1261 2282 in

162 2332 267 2396 labore
289 2333 425 2417 inpiger,
454 2333 485 2395 in
509 2333 648 2395 conmvio
671 2349 797 2413 parcus,
831 2333 862 2394 in
885 2330 1088 2396 satisfactione
1109 2333 1261 2413 praevius,

163 2447 193 2510 in
227 2449 467 2511 remuneratione
505 2448 615 2531 largus.
673 2447 810 2529 Denique
842 2449 886 2511 sic
919 2447 1079 2512 fraternam
1116 2444 1262 2529 mitigavit

163 2562 361 2643 iracundiam,
383 2568 416 2624 ut
438 2564 523 2626 cuius
546 2563 707 2625 verebatur
728 2562 911 2641 inimicitias,
947 2562 1163 2644 adipisceretur
1186 2579 1262 2645 gra-

165 2679 242 2741 tiam.
259 2674 292 2762 ³)
1127 2713 1129 2716 .

256 2789 326 2856 112.
371 2789 448 2864 Ouid
471 2788 508 2851 de
529 2787 638 2870 loseph
660 2788 785 2869 loquar,
801 2784 835 2872 ⁴)
858 2787 908 2870 qui
930 2787 1032 2868 utique
1054 2785 1182 2850 habebat
1204 2805 1263 2850 cu-

166 2904 315 2988 piditatem
344 2903 487 2966 libertatis
517 2909 548 2964 et
576 2903 708 2982 suscepit
741 2901 857 2963 servitii
889 2901 1123 2963 necessitatem?
1168 2901 1263 2974 Quam

166 3019 301 3082 subditus
324 3018 354 3081 in
376 3017 536 3095 servitute,
569 3034 656 3096 quam
680 3016 710 3078 in
732 3016 842 3078 virtute
865 3021 1026 3095 constans,
1063 3033 1150 3097 quam
1173 3015 1264 3079 beni-

167 3150 244 3216 gnus
267 3132 296 3194 in
320 3147 456 3208 carcere,
490 3128 609 3211 sapiens
632 3129 662 3190 in
684 3127 947 3209 interpretatione,
970 3128 1000 3192 in
1022 3134 1170 3211 potestate
1192 3149 1266 3194 mo-

168 3245 305 3326 deratus,
328 3246 359 3308 in
381 3245 515 3307 ubertate
537 3241 700 3324 providus,
722 3243 753 3305 in
776 3241 852 3305 fame
876 3242 987 3322 iustus,
1011 3242 1147 3307 ordinem
1168 3243 1265 3309 laudis

167 3364 257 3426 rebus
280 3361 446 3444 adiungens
469 3364 498 3420 et
522 3358 751 3440 oportunitatem
773 3358 974 3438 temporibus,
1002 3359 1182 3440 aequitatem
1203 3376 1266 3439 po-

167 3477 244 3562 pulis
266 3475 356 3541 officii
378 3475 425 3537 sui
446 3473 651 3537 moderatione
674 3471 879 3554 dispensans?

259 3588 328 3655 113.
374 3587 425 3651 lob
439 3584 471 3671 5)
495 3605 617 3668 quoquc
639 3588 720 3650 iuxta
743 3587 881 3651 secundis
905 3595 994 3671 atquc
1015 3586 1151 3652 aduersis
1173 3588 1266 3652 rebus

170 3702 454 3789 inreprehensibilis,
477 3702 602 3784 patiens,
625 3707 728 3784 gratus
744 3701 802 3766 deo
817 3709 906 3786 atque
926 3709 1077 3786 acceptus,
1100 3704 1268 3766 vexabatur

171 3818 324 3883 doloribus
331 3839 341 3896 ;
363 3816 416 3881 sed
440 3834 474 3881 se
497 3815 715 3881 consolabatur.

243 4090 270 4156 r)
289 4088 380 4144 uanas.
404 4090 448 4158 ar,
473 4091 506 4143 aa
531 4035 646 4163 κῃ
664 4088 715 4163 ‘ap
738 4089 805 4155 bru.
826 4082 877 4167 ts,
900 4089 940 4144 ar.
970 4128 987 4157 ,
1027 4064 1145 4187 prusa.
1173 4086 1217 4164 aa,
1243 4087 1265 4150 1.

172 4177 203 4251 4)
218 4175 281 4232 Ibid.
301 4178 344 4248 ³9,
364 4178 378 4231 1
397 4194 469 4252 seqq.
540 4180 569 4252 5)
588 4178 642 4275 lob
660 4179 686 4250 2,
706 4178 722 4232 3
740 4194 797 4258 squ
