2692 4666
73 276 80 291 '
177 300 248 367 132-
622 304 647 356 s.
666 302 821 357 nnnuosn

261 458 311 524 24.
355 460 438 545 Ergo
461 464 529 544 quia
552 463 632 544 quod
655 465 742 544 utile,
766 465 797 527 id
820 467 905 530 etiam
928 468 1051 548 iustum,
1080 469 1189 532 iustam
1212 477 1268 551 εει,

172 581 204 640 ut
225 577 388 641 serviamus
414 576 546 660 Christo,
580 580 630 660 qui
658 599 715 643 uos
746 581 870 645 redemit
878 604 888 660 ς
919 583 987 657 ideo
1018 583 1102 663 iusti,
1137 585 1188 666 qui
1210 603 1267 666 pro

172 692 236 755 eius
258 693 377 756 nomine
400 711 433 756 se
455 696 542 758 marti
564 696 750 777 optulerunt,·
773 697 873 760 iniusti
895 699 946 778 qui
969 698 1202 780 declinaverunt,
1226 700 1267 763 de

171 808 277 888 quibus
301 809 382 872 dicit:
403 806 431 894 ¹)
463 809 549 885 Quae
572 812 694 873 utilitas
719 813 752 872 lu
774 813 928 892 sanquine
949 832 1034 890 mea,
1065 811 1095 875 id
1118 807 1183 893 est,
1213 816 1266 896 qui

170 922 298 985 iustitiae
321 943 406 987 meae
428 924 607 1006 proiectus?
651 926 735 989 Unde
758 935 788 990 et
810 928 868 990 illi:
886 923 918 1010 ²)
949 927 1116 1009 Alltpernus
1138 930 1265 1005 iustum,

170 1039 246 1118 qula
269 1039 391 1102 inutilla
414 1048 461 1101 est
482 1040 585 1117 noble,
609 1039 639 1102 id
662 1047 716 1120 εει,
740 1041 874 1120 iniustus,
898 1043 948 1122 qui
971 1060 1027 1106 nos
1050 1043 1155 1126 arguit,
1187 1061 1267 1106 con-

169 1151 301 1233 demnat,
327 1155 457 1235 corripit.
501 1155 584 1218 Licet
598 1155 655 1218 hoe
672 1156 767 1236 possit
782 1157 870 1219 etiam
885 1155 921 1217 ad
938 1157 1090 1219 avaritiam
1113 1157 1266 1221 hominum

167 1268 323 1351 impiorum
347 1268 483 1348 derivari,
507 1287 583 1349 quae
605 1267 745 1351 perfidiae
768 1270 864 1332 vicina
887 1277 942 1349 est,
966 1269 1042 1332 siout
1056 1271 1086 1332 in
1100 1270 1172 1334 luda
1187 1289 1265 1353 pro-

169 1382 264 1444 ditore
286 1382 431 1464 legimus,
458 1383 507 1463 qui
530 1383 671 1444 avaritiae
693 1381 790 1446 studio
814 1389 844 1445 et
865 1383 1011 1465 pecuniae
1034 1383 1192 1465 cupiditate
1214 1385 1265 1448 la-

167 1514 277 1578 queum
299 1495 473 1576 proditionis
496 1495 618 1558 incurrit
640 1501 728 1576 atque
751 1495 860 1558 incidit.

256 1607 306 1675 25.
351 1610 395 1672 De
430 1610 485 1672 hae
519 1611 608 1691 igitur
641 1609 823 1673 tractandum
857 1618 903 1673 est
936 1611 1077 1692 utilitate,
1117 1630 1194 1694 quae
1225 1613 1265 1676 sit

166 1724 253 1807 plena
275 1724 449 1803 honestatis,
472 1724 548 1787 sieut
564 1725 635 1806 ipsis
651 1724 750 1787 verbis
772 1725 903 1787 definivit
924 1726 1077 1808 apostolus
1100 1726 1215 1790 diceus:
1230 1724 1263 1810 ³)

166 1837 235 1901 Hoc
257 1847 358 1901 autem
380 1840 423 1900 ad
443 1841 605 1902 utilitatem
628 1848 761 1901 vestram
784 1840 868 1917 dieo,
893 1859 956 1902 non
979 1849 1013 1902 ut
1035 1842 1176 1920 laqueum
1197 1843 1263 1903 lnt-

168 1954 247 2016 cr'am
278 1954 385 2030 uobis,
418 1956 475 2016 sed
496 1956 539 2017 ad
561 1956 610 2030 iel,
642 1955 723 2035 qued
754 1955 913 2016 lnneetune
943 1962 997 2017 est.
1041 1956 1145 2036 Liquet
1172 1956 1264 2038 igitur

167 2066 247 2150 quod
263 2068 418 2131 honestum
435 2075 480 2131 est
495 2067 565 2129 utile
581 2084 660 2146 esse,
684 2071 714 2128 et
729 2066 810 2147 quod
827 2067 908 2145 utile,
931 2067 1105 2143 honestum3
1128 2074 1158 2129 et
1180 2069 1264 2149 quod

168 2183 258 2261 utile,
288 2183 411 2260 iustum,
444 2189 474 2244 et
503 2179 584 2262 quod
613 2181 736 2260 iustum,
768 2182 845 2243 utile.
890 2182 995 2263 Neque
1026 2182 1102 2244 enim
1132 2183 1202 2244 mihi
1227 2182 1263 2246 ad

165 2303 348 2360 mercatores
371 2295 445 2357 lueri
468 2292 605 2375 cupidine
628 2311 752 2372 avaros,
784 2292 837 2355 sed
861 2292 898 2355 ad
921 2293 997 2356 tilios
1020 2312 1119 2357 sermo
1144 2300 1206 2375 est,
1234 2303 1264 2358 et

167 2430 267 2476 sermo
292 2411 329 2474 de
353 2410 477 2489 officiis,
502 2428 578 2491 quae
601 2410 705 2487 vobis,
737 2425 812 2489 quos
836 2409 915 2491 elegi
937 2408 967 2470 in
989 2409 1182 2472 ministerium
1205 2409 1262 2473 do-

165 2526 249 2606 mini,
273 2525 422 2589 inculcare
444 2523 541 2607 gestio
565 2530 654 2604 atque
676 2520 852 2601 infundere,
875 2527 907 2584 ut
929 2539 982 2601 ea,
1015 2540 1092 2602 quae
1115 2524 1262 2587 mentibus

171 2659 207 2704 ac
228 2642 360 2704 maribus
384 2638 492 2703 vestris
515 2656 570 2700 usu
594 2643 681 2717 atque
705 2637 887 2700 institutione
902 2636 1003 2698 inolita
1018 2641 1105 2718 atque
1129 2637 1264 2720 inpressa

166 2762 248 2835 sunt,
271 2756 358 2819 etiam
380 2772 519 2817 sermone
541 2770 576 2815 ac
599 2751 750 2834 disciplina
774 2753 951 2834 aperiantur.

252 2865 303 2934 26.
347 2869 448 2951 ltaque
471 2867 509 2929 de
531 2865 653 2929 utilitate
676 2863 824 2944 dicturus,
848 2873 913 2928 utor
936 2865 987 2928 illc
1011 2864 1161 2929 versiculo
1186 2882 1261 2946 pro-

166 2983 301 3066 phetico:
318 2980 350 3064 ⁴)
384 2983 519 3044 Declina
550 3000 604 3043 cor
633 2999 730 3041 meum
760 2980 794 3043 ln
822 2980 1000 3044 testimonla
1031 2987 1102 3056 tua,
1137 2986 1169 3040 et
1199 2997 1262 3042 non

167 3099 201 3160 tn
224 3098 406 3174 auarlttuln,
430 3113 469 3159 ne
490 3094 620 3157 utilitatis
643 3112 735 3158 sonus
759 3095 870 3158 excitet
892 3094 1036 3177 pecuniae
1063 3091 1260 3174 cupiditatem.

167 3213 303 3295 Denique
327 3209 416 3290 aliqui
437 3207 559 3269 habent:
583 3207 718 3269 Deellnu
741 3226 796 3270 ear
820 3226 916 3268 meum
939 3208 972 3267 lu
996 3206 1174 3270 testimonla
1197 3213 1260 3284 lua,

169 3336 198 3389 et
223 3345 285 3390 non
317 3325 359 3386 ud
390 3323 570 3398 utilitatem,
605 3322 663 3385 hoc
698 3328 760 3400 εει,
796 3321 872 3384 illam
907 3329 1082 3402 quaestuum
1115 3321 1261 3385 nundinas

169 3447 364 3523 aucupantem
386 3439 555 3517 utilitatem,
587 3436 664 3499 illam
686 3454 742 3499 usu
765 3436 915 3499 hominum
938 3435 975 3498 ad
998 3435 1142 3519 pecuniae
1165 3434 1262 3498 studia

168 3557 307 3620 inflexam
341 3571 375 3616 ac
404 3552 574 3615 derivatam.
620 3550 717 3634 Vulgo
750 3552 827 3613 enim
848 3551 907 3613 hoe
929 3551 1023 3614 solum
1052 3549 1152 3612 dieunt
1179 3548 1261 3630 utile,

171 3670 252 3753 quod
274 3675 485 3752 quaestuosum
492 3690 502 3745 3
525 3685 580 3730 nos
604 3673 701 3729 autem
722 3665 758 3729 de
783 3685 819 3728 ea
848 3672 1005 3730 tractamus
1027 3663 1162 3743 utilitate,
1184 3681 1262 3746 quae

172 3784 284 3848 damnis
312 3783 479 3865 quaeritur,
512 3789 544 3844 ut
566 3780 712 3844 Christum
738 3781 903 3861 lucremur,
935 3781 1018 3844 euius
1048 3785 1189 3859 quaestus
1215 3782 1262 3842 est

171 3901 266 3982 pietas
299 3918 365 3963 oum
399 3896 581 3960 sufficientia.
604 3892 636 3982 ⁵)
682 3897 808 3981 Magnus
841 3895 976 3978 proiecto
1010 3899 1167 3977 quaestus,
1201 3911 1261 3975 quo

243 4055 270 4120 t)
289 4010 442 4121 rsarmJae,
461 4054 501 4106 10.
553 4053 582 4118 e)
600 4051 684 4106 nesae
698 4051 724 4118 a,
738 4051 778 4104 ro.
832 4051 860 4116 3)
880 4051 902 4105 1.
917 4050 975 4104 cor.
989 4050 1068 4115 nas.
1123 4050 1152 4117 a)
1171 4050 1260 4106 ranam.

175 4144 234 4213 rra,
254 4144 294 4197 aa.
366 4143 396 4211 ε)
410 4141 477 4195 εει.
496 4141 523 4207 a,
541 4139 566 4192 a.
603 4140 634 4193 er.
655 4140 677 4194 1.
697 4139 758 4194 ram.
777 4139 804 4208 a,
822 4139 846 4191 a.
